,time,bid,ask
0,2023-05-09 00:00:00,1.62161,1.6219000000000001
1,2023-05-09 00:00:01,1.62162,1.62191
5,2023-05-09 00:00:02,1.6217000000000001,1.62199
6,2023-05-09 00:00:03,1.62175,1.6220400000000001
7,2023-05-09 00:00:04,1.62172,1.62201
8,2023-05-09 00:00:05,1.62173,1.62202
9,2023-05-09 00:00:06,1.62172,1.62201
10,2023-05-09 00:00:08,1.62174,1.62203
11,2023-05-09 00:00:09,1.6217199999999998,1.62201
13,2023-05-09 00:00:10,1.62172,1.62201
14,2023-05-09 00:00:11,1.621745,1.622035
16,2023-05-09 00:00:12,1.62175,1.6220400000000001
19,2023-05-09 00:00:13,1.62176,1.62205
20,2023-05-09 00:00:14,1.62175,1.6220400000000001
21,2023-05-09 00:00:15,1.621775,1.622065
23,2023-05-09 00:00:16,1.621745,1.6220350000000001
25,2023-05-09 00:00:17,1.62173,1.62202
26,2023-05-09 00:00:18,1.62172,1.62201
27,2023-05-09 00:00:19,1.621705,1.621995
29,2023-05-09 00:00:20,1.62172,1.62201
30,2023-05-09 00:00:21,1.6216949999999999,1.621985
32,2023-05-09 00:00:23,1.62169,1.62198
33,2023-05-09 00:00:24,1.62171,1.6219999999999999
34,2023-05-09 00:00:25,1.62174,1.62203
37,2023-05-09 00:00:28,1.62173,1.62202
38,2023-05-09 00:00:30,1.6217000000000001,1.6219899999999998
40,2023-05-09 00:00:31,1.62176,1.62205
43,2023-05-09 00:00:34,1.6217899999999998,1.62208
44,2023-05-09 00:00:36,1.62178,1.62207
47,2023-05-09 00:00:38,1.62178,1.62207
50,2023-05-09 00:00:40,1.621725,1.6220150000000002
52,2023-05-09 00:00:41,1.62168,1.6219700000000001
55,2023-05-09 00:00:42,1.6217000000000001,1.62199
58,2023-05-09 00:00:43,1.62185,1.62214
59,2023-05-09 00:00:45,1.621855,1.622145
61,2023-05-09 00:00:46,1.62187,1.62216
62,2023-05-09 00:00:50,1.62187,1.62216
64,2023-05-09 00:00:51,1.6219000000000001,1.6221899999999998
66,2023-05-09 00:00:52,1.6219000000000001,1.62219
69,2023-05-09 00:00:55,1.62188,1.6221700000000001
72,2023-05-09 00:00:57,1.62178,1.62207
74,2023-05-09 00:01:00,1.621755,1.622045
76,2023-05-09 00:01:01,1.6218,1.62209
79,2023-05-09 00:01:02,1.62187,1.62216
80,2023-05-09 00:01:03,1.62191,1.6221999999999999
81,2023-05-09 00:01:04,1.6218499999999998,1.62214
83,2023-05-09 00:01:06,1.62188,1.6221700000000001
86,2023-05-09 00:01:10,1.62176,1.62205
89,2023-05-09 00:01:11,1.62178,1.62207
90,2023-05-09 00:01:12,1.6218,1.62209
91,2023-05-09 00:01:13,1.62178,1.62207
92,2023-05-09 00:01:14,1.6217700000000002,1.6220599999999998
93,2023-05-09 00:01:15,1.62176,1.62205
94,2023-05-09 00:01:16,1.62173,1.62202
95,2023-05-09 00:01:17,1.62175,1.6220400000000001
96,2023-05-09 00:01:19,1.62178,1.62207
97,2023-05-09 00:01:20,1.6217700000000002,1.6220599999999998
98,2023-05-09 00:01:21,1.62176,1.62205
99,2023-05-09 00:01:22,1.621835,1.622125
101,2023-05-09 00:01:24,1.62178,1.62207
102,2023-05-09 00:01:26,1.6217700000000002,1.6220599999999998
103,2023-05-09 00:01:29,1.62182,1.62211
105,2023-05-09 00:01:30,1.6218,1.62209
107,2023-05-09 00:01:32,1.621825,1.622115
109,2023-05-09 00:01:33,1.6218,1.62209
110,2023-05-09 00:01:35,1.62182,1.6221100000000002
111,2023-05-09 00:01:36,1.62185,1.62214
114,2023-05-09 00:01:37,1.62188,1.6221700000000001
115,2023-05-09 00:01:39,1.6218599999999999,1.62215
116,2023-05-09 00:01:41,1.621845,1.6221349999999999
118,2023-05-09 00:01:42,1.6218599999999999,1.62215
119,2023-05-09 00:01:43,1.62184,1.6221299999999998
120,2023-05-09 00:01:44,1.62183,1.62212
121,2023-05-09 00:01:45,1.62189,1.6221800000000002
123,2023-05-09 00:01:46,1.62189,1.62218
124,2023-05-09 00:01:48,1.62186,1.62215
126,2023-05-09 00:01:49,1.62187,1.62216
127,2023-05-09 00:01:50,1.6219000000000001,1.6221899999999998
129,2023-05-09 00:01:51,1.62195,1.6222400000000001
130,2023-05-09 00:01:52,1.6219350000000001,1.622225
132,2023-05-09 00:01:53,1.621985,1.6222750000000001
136,2023-05-09 00:01:54,1.621995,1.622285
138,2023-05-09 00:01:55,1.62202,1.6223100000000001
139,2023-05-09 00:01:57,1.62201,1.6223
140,2023-05-09 00:01:58,1.6220599999999998,1.62235
141,2023-05-09 00:02:00,1.62203,1.62232
143,2023-05-09 00:02:01,1.62203,1.62232
144,2023-05-09 00:02:02,1.62201,1.6223
146,2023-05-09 00:02:03,1.6219999999999999,1.62229
148,2023-05-09 00:02:04,1.62203,1.62232
149,2023-05-09 00:02:05,1.62205,1.62234
150,2023-05-09 00:02:09,1.6219999999999999,1.62229
153,2023-05-09 00:02:11,1.62199,1.62228
156,2023-05-09 00:02:12,1.621985,1.622275
158,2023-05-09 00:02:13,1.62199,1.62228
159,2023-05-09 00:02:15,1.6220050000000001,1.6222949999999998
161,2023-05-09 00:02:16,1.62205,1.62234
163,2023-05-09 00:02:18,1.621995,1.622285
165,2023-05-09 00:02:21,1.621975,1.622265
167,2023-05-09 00:02:22,1.6219700000000001,1.62226
168,2023-05-09 00:02:24,1.62198,1.6222699999999999
169,2023-05-09 00:02:26,1.6219700000000001,1.62226
170,2023-05-09 00:02:28,1.62198,1.6222699999999999
171,2023-05-09 00:02:29,1.62201,1.6223
173,2023-05-09 00:02:30,1.62199,1.62228
174,2023-05-09 00:02:31,1.62195,1.6222400000000001
175,2023-05-09 00:02:32,1.62199,1.62228
176,2023-05-09 00:02:33,1.6219700000000001,1.62226
177,2023-05-09 00:02:34,1.621965,1.622255
179,2023-05-09 00:02:37,1.62199,1.62228
180,2023-05-09 00:02:39,1.6220400000000001,1.62233
181,2023-05-09 00:02:41,1.62205,1.62234
182,2023-05-09 00:02:44,1.62209,1.6223800000000002
184,2023-05-09 00:02:45,1.6221,1.62239
185,2023-05-09 00:02:46,1.622095,1.622385
187,2023-05-09 00:02:51,1.622095,1.622385
189,2023-05-09 00:02:52,1.62208,1.62237
190,2023-05-09 00:02:53,1.6220599999999998,1.62235
193,2023-05-09 00:02:54,1.62205,1.62234
197,2023-05-09 00:02:55,1.6220649999999999,1.622355
199,2023-05-09 00:02:56,1.62205,1.62234
200,2023-05-09 00:02:58,1.6220599999999998,1.62235
201,2023-05-09 00:02:59,1.62203,1.62232
202,2023-05-09 00:03:00,1.6220350000000001,1.622325
204,2023-05-09 00:03:01,1.62201,1.6223
207,2023-05-09 00:03:03,1.62203,1.62232
208,2023-05-09 00:03:04,1.62202,1.6223100000000001
209,2023-05-09 00:03:08,1.62205,1.62234
210,2023-05-09 00:03:09,1.6219899999999998,1.62228
212,2023-05-09 00:03:11,1.62199,1.62228
213,2023-05-09 00:03:12,1.62196,1.62225
214,2023-05-09 00:03:13,1.62194,1.62223
215,2023-05-09 00:03:16,1.62195,1.6222400000000001
216,2023-05-09 00:03:17,1.62198,1.6222699999999999
217,2023-05-09 00:03:20,1.6219999999999999,1.62229
218,2023-05-09 00:03:21,1.622015,1.622305
220,2023-05-09 00:03:22,1.6220350000000001,1.622325
222,2023-05-09 00:03:23,1.6220350000000001,1.622325
224,2023-05-09 00:03:24,1.6219999999999999,1.62229
225,2023-05-09 00:03:25,1.62199,1.62228
226,2023-05-09 00:03:26,1.62196,1.62225
227,2023-05-09 00:03:30,1.6219299999999999,1.62222
229,2023-05-09 00:03:31,1.621925,1.622215
231,2023-05-09 00:03:32,1.62188,1.6221700000000001
232,2023-05-09 00:03:35,1.6218599999999999,1.62215
235,2023-05-09 00:03:36,1.621845,1.6221349999999999
237,2023-05-09 00:03:37,1.6218599999999999,1.62215
238,2023-05-09 00:03:38,1.62184,1.6221299999999998
239,2023-05-09 00:03:39,1.621845,1.6221349999999999
241,2023-05-09 00:03:40,1.6218599999999999,1.62215
243,2023-05-09 00:03:42,1.62189,1.62218
244,2023-05-09 00:03:43,1.62187,1.62216
245,2023-05-09 00:03:44,1.62182,1.6221100000000002
246,2023-05-09 00:03:45,1.621785,1.622075
248,2023-05-09 00:03:46,1.62178,1.62207
249,2023-05-09 00:03:48,1.6217700000000002,1.6220599999999998
250,2023-05-09 00:03:49,1.6217899999999998,1.62208
253,2023-05-09 00:03:50,1.62174,1.62203
256,2023-05-09 00:03:51,1.6217700000000002,1.6220599999999998
257,2023-05-09 00:03:52,1.6217899999999998,1.62208
258,2023-05-09 00:03:53,1.621785,1.6220750000000002
260,2023-05-09 00:03:55,1.6218,1.62209
262,2023-05-09 00:03:56,1.62181,1.6221
265,2023-05-09 00:03:57,1.62182,1.6221100000000002
266,2023-05-09 00:03:58,1.621805,1.622095
268,2023-05-09 00:03:59,1.6219000000000001,1.62219
270,2023-05-09 00:04:00,1.62189,1.62218
272,2023-05-09 00:04:01,1.62188,1.6221700000000001
273,2023-05-09 00:04:02,1.62189,1.62218
274,2023-05-09 00:04:03,1.62187,1.62216
275,2023-05-09 00:04:04,1.62189,1.62218
278,2023-05-09 00:04:06,1.62187,1.62216
279,2023-05-09 00:04:12,1.62191,1.6221999999999999
280,2023-05-09 00:04:15,1.6218849999999998,1.622175
282,2023-05-09 00:04:16,1.62192,1.62221
283,2023-05-09 00:04:17,1.6219299999999999,1.62222
284,2023-05-09 00:04:19,1.6219000000000001,1.62219
285,2023-05-09 00:04:21,1.6218599999999999,1.62215
286,2023-05-09 00:04:22,1.62182,1.6221100000000002
287,2023-05-09 00:04:24,1.6218599999999999,1.62215
289,2023-05-09 00:04:25,1.6219100000000002,1.6221999999999999
291,2023-05-09 00:04:26,1.6219299999999999,1.62222
292,2023-05-09 00:04:27,1.62187,1.62216
296,2023-05-09 00:04:28,1.62188,1.6221700000000001
297,2023-05-09 00:04:30,1.621895,1.622185
299,2023-05-09 00:04:31,1.62187,1.62216
302,2023-05-09 00:04:34,1.62188,1.6221700000000001
303,2023-05-09 00:04:36,1.62187,1.62216
304,2023-05-09 00:04:38,1.62188,1.6221700000000001
305,2023-05-09 00:04:39,1.6218599999999999,1.62215
306,2023-05-09 00:04:40,1.62188,1.6221700000000001
307,2023-05-09 00:04:41,1.621845,1.6221349999999999
309,2023-05-09 00:04:46,1.6218599999999999,1.62215
310,2023-05-09 00:04:51,1.62184,1.6221299999999998
311,2023-05-09 00:04:52,1.62183,1.62212
312,2023-05-09 00:04:53,1.621795,1.622085
314,2023-05-09 00:04:54,1.62173,1.62202
317,2023-05-09 00:04:56,1.62168,1.6219700000000001
318,2023-05-09 00:04:57,1.6216300000000001,1.62192
319,2023-05-09 00:04:58,1.62164,1.6219299999999999
320,2023-05-09 00:04:59,1.6216599999999999,1.62195
321,2023-05-09 00:05:00,1.6216599999999999,1.62195
322,2023-05-09 00:05:01,1.6216,1.62189
323,2023-05-09 00:05:02,1.62158,1.62187
324,2023-05-09 00:05:12,1.62161,1.6219000000000001
325,2023-05-09 00:05:15,1.62158,1.62187
326,2023-05-09 00:05:18,1.6213899999999999,1.62168
327,2023-05-09 00:05:19,1.62128,1.62157
328,2023-05-09 00:05:20,1.62123,1.6215199999999999
329,2023-05-09 00:05:21,1.621255,1.621545
331,2023-05-09 00:05:24,1.62124,1.62153
332,2023-05-09 00:05:25,1.62122,1.62151
334,2023-05-09 00:05:26,1.6211950000000002,1.6214849999999998
336,2023-05-09 00:05:27,1.62107,1.6213600000000001
339,2023-05-09 00:05:28,1.621075,1.621365
341,2023-05-09 00:05:30,1.6210499999999999,1.62134
344,2023-05-09 00:05:31,1.6209799999999999,1.62127
345,2023-05-09 00:05:32,1.62097,1.62126
346,2023-05-09 00:05:38,1.62093,1.62122
347,2023-05-09 00:05:40,1.6209500000000001,1.62124
350,2023-05-09 00:05:41,1.6209500000000001,1.62124
351,2023-05-09 00:05:43,1.620955,1.621245
353,2023-05-09 00:05:44,1.6209799999999999,1.62127
354,2023-05-09 00:05:45,1.620955,1.621245
356,2023-05-09 00:05:47,1.6210499999999999,1.62134
357,2023-05-09 00:05:51,1.62099,1.62128
359,2023-05-09 00:05:53,1.620935,1.621225
361,2023-05-09 00:05:54,1.6209099999999999,1.6212
364,2023-05-09 00:05:57,1.6209,1.62119
365,2023-05-09 00:05:58,1.6209099999999999,1.6212
366,2023-05-09 00:05:59,1.6208850000000001,1.621175
368,2023-05-09 00:06:00,1.62088,1.62117
369,2023-05-09 00:06:01,1.62085,1.62114
372,2023-05-09 00:06:02,1.6208399999999998,1.62113
373,2023-05-09 00:06:03,1.620825,1.621115
375,2023-05-09 00:06:06,1.62087,1.6211600000000002
376,2023-05-09 00:06:09,1.62086,1.62115
377,2023-05-09 00:06:11,1.62087,1.6211600000000002
378,2023-05-09 00:06:21,1.6208,1.6210900000000001
379,2023-05-09 00:06:22,1.6208900000000002,1.6211799999999998
380,2023-05-09 00:06:29,1.6209,1.62119
382,2023-05-09 00:06:30,1.62086,1.62115
383,2023-05-09 00:06:31,1.620865,1.6211550000000001
385,2023-05-09 00:06:32,1.62088,1.62117
386,2023-05-09 00:06:33,1.6209,1.62119
388,2023-05-09 00:06:40,1.62094,1.62123
391,2023-05-09 00:06:41,1.6209099999999999,1.6212
392,2023-05-09 00:06:42,1.6209500000000001,1.6212399999999998
394,2023-05-09 00:06:46,1.620945,1.621235
396,2023-05-09 00:06:51,1.6208900000000002,1.6211799999999998
398,2023-05-09 00:06:52,1.62086,1.62115
399,2023-05-09 00:06:56,1.6208399999999998,1.62113
400,2023-05-09 00:06:57,1.6208449999999999,1.621135
402,2023-05-09 00:06:58,1.620835,1.621125
404,2023-05-09 00:06:59,1.6208399999999998,1.62113
406,2023-05-09 00:07:00,1.62085,1.62114
407,2023-05-09 00:07:02,1.62083,1.62112
408,2023-05-09 00:07:04,1.6208150000000001,1.621105
410,2023-05-09 00:07:06,1.6208,1.6210900000000001
411,2023-05-09 00:07:09,1.620795,1.621085
413,2023-05-09 00:07:10,1.6208150000000001,1.621105
415,2023-05-09 00:07:11,1.62081,1.6211
416,2023-05-09 00:07:12,1.62081,1.6211000000000002
418,2023-05-09 00:07:13,1.62081,1.6211
419,2023-05-09 00:07:16,1.62079,1.62108
421,2023-05-09 00:07:17,1.620785,1.621075
423,2023-05-09 00:07:18,1.620785,1.621075
425,2023-05-09 00:07:20,1.6207799999999999,1.62107
426,2023-05-09 00:07:24,1.62077,1.62106
427,2023-05-09 00:07:25,1.6207799999999999,1.62107
428,2023-05-09 00:07:26,1.62074,1.6210300000000002
432,2023-05-09 00:07:28,1.62072,1.62101
433,2023-05-09 00:07:29,1.6206999999999998,1.62099
435,2023-05-09 00:07:32,1.6206900000000002,1.6209799999999999
437,2023-05-09 00:07:33,1.62066,1.6209500000000001
440,2023-05-09 00:07:36,1.620575,1.620865
442,2023-05-09 00:07:38,1.6205500000000002,1.6208399999999998
443,2023-05-09 00:07:40,1.620565,1.620855
445,2023-05-09 00:07:42,1.620535,1.620825
447,2023-05-09 00:07:47,1.62057,1.62086
449,2023-05-09 00:07:48,1.62056,1.62085
451,2023-05-09 00:07:51,1.620565,1.620855
453,2023-05-09 00:07:52,1.62056,1.62085
456,2023-05-09 00:07:53,1.62058,1.62087
458,2023-05-09 00:07:54,1.62053,1.6208200000000001
459,2023-05-09 00:07:55,1.6205500000000002,1.6208399999999998
461,2023-05-09 00:07:56,1.62058,1.62087
462,2023-05-09 00:07:57,1.62056,1.62085
463,2023-05-09 00:07:58,1.620585,1.620875
465,2023-05-09 00:08:00,1.620595,1.6208850000000001
467,2023-05-09 00:08:01,1.6205699999999998,1.62086
470,2023-05-09 00:08:03,1.62051,1.6208
472,2023-05-09 00:08:04,1.62051,1.6208
473,2023-05-09 00:08:05,1.62056,1.62085
474,2023-05-09 00:08:06,1.6205500000000002,1.6208399999999998
475,2023-05-09 00:08:07,1.62054,1.62083
476,2023-05-09 00:08:13,1.620585,1.620875
478,2023-05-09 00:08:14,1.620585,1.620875
480,2023-05-09 00:08:15,1.620595,1.620885
482,2023-05-09 00:08:17,1.62056,1.62085
485,2023-05-09 00:08:18,1.62053,1.6208200000000001
486,2023-05-09 00:08:19,1.62053,1.6208200000000001
488,2023-05-09 00:08:20,1.62056,1.62085
489,2023-05-09 00:08:21,1.62052,1.62081
490,2023-05-09 00:08:22,1.620525,1.6208150000000001
492,2023-05-09 00:08:32,1.6206399999999999,1.62093
494,2023-05-09 00:08:33,1.620645,1.620935
496,2023-05-09 00:08:34,1.6206399999999999,1.62093
499,2023-05-09 00:08:37,1.62069,1.6209799999999999
500,2023-05-09 00:08:39,1.620695,1.620985
502,2023-05-09 00:08:40,1.6207,1.62099
503,2023-05-09 00:08:41,1.620675,1.620965
505,2023-05-09 00:08:42,1.6207,1.62099
506,2023-05-09 00:08:43,1.6206800000000001,1.6209699999999998
508,2023-05-09 00:08:44,1.620655,1.620945
510,2023-05-09 00:08:45,1.62063,1.62092
511,2023-05-09 00:08:46,1.62065,1.62094
512,2023-05-09 00:08:47,1.6206800000000001,1.62097
513,2023-05-09 00:08:48,1.62069,1.6209799999999999
514,2023-05-09 00:08:54,1.62062,1.6209099999999999
515,2023-05-09 00:08:56,1.62063,1.62092
516,2023-05-09 00:08:59,1.62062,1.62091
518,2023-05-09 00:09:00,1.620675,1.620965
520,2023-05-09 00:09:02,1.6206399999999999,1.62093
521,2023-05-09 00:09:03,1.620675,1.620965
525,2023-05-09 00:09:04,1.62063,1.62092
526,2023-05-09 00:09:05,1.620605,1.620895
528,2023-05-09 00:09:07,1.62061,1.6209
529,2023-05-09 00:09:09,1.620595,1.6208850000000001
531,2023-05-09 00:09:10,1.6205699999999998,1.62086
533,2023-05-09 00:09:11,1.620565,1.620855
535,2023-05-09 00:09:12,1.62058,1.62087
538,2023-05-09 00:09:13,1.6206,1.6208900000000002
539,2023-05-09 00:09:14,1.62058,1.62087
540,2023-05-09 00:09:15,1.620565,1.620855
542,2023-05-09 00:09:16,1.6205250000000002,1.620815
544,2023-05-09 00:09:21,1.6204,1.62069
545,2023-05-09 00:09:22,1.6204299999999998,1.62072
547,2023-05-09 00:09:25,1.6204399999999999,1.62073
550,2023-05-09 00:09:33,1.620475,1.620765
552,2023-05-09 00:09:34,1.620465,1.620755
554,2023-05-09 00:09:38,1.62054,1.62083
555,2023-05-09 00:09:39,1.62061,1.6209
556,2023-05-09 00:09:40,1.62061,1.6209
558,2023-05-09 00:09:41,1.62059,1.62088
559,2023-05-09 00:09:43,1.6205699999999998,1.62086
560,2023-05-09 00:09:44,1.62059,1.62088
561,2023-05-09 00:09:45,1.6205500000000002,1.6208399999999998
564,2023-05-09 00:09:46,1.620555,1.6208449999999999
566,2023-05-09 00:09:50,1.62058,1.62087
568,2023-05-09 00:09:51,1.62059,1.62088
569,2023-05-09 00:09:55,1.6205699999999998,1.62086
572,2023-05-09 00:09:57,1.62052,1.62081
573,2023-05-09 00:09:58,1.62049,1.6207799999999999
574,2023-05-09 00:09:59,1.62058,1.62087
576,2023-05-09 00:10:00,1.62056,1.62085
579,2023-05-09 00:10:01,1.6205,1.62079
580,2023-05-09 00:10:02,1.620505,1.620795
582,2023-05-09 00:10:03,1.62056,1.62085
583,2023-05-09 00:10:05,1.620555,1.6208449999999999
585,2023-05-09 00:10:07,1.62058,1.62087
586,2023-05-09 00:10:12,1.62061,1.6209
587,2023-05-09 00:10:14,1.62058,1.62087
589,2023-05-09 00:10:15,1.62054,1.62083
590,2023-05-09 00:10:16,1.62058,1.62087
592,2023-05-09 00:10:20,1.6205699999999998,1.62086
593,2023-05-09 00:10:21,1.62062,1.62091
597,2023-05-09 00:10:22,1.620665,1.620955
599,2023-05-09 00:10:26,1.6207099999999999,1.621
602,2023-05-09 00:10:28,1.62072,1.62101
604,2023-05-09 00:10:29,1.620705,1.620995
606,2023-05-09 00:10:30,1.62073,1.6210200000000001
607,2023-05-09 00:10:31,1.620705,1.620995
609,2023-05-09 00:10:32,1.6207,1.62099
612,2023-05-09 00:10:33,1.62067,1.62096
613,2023-05-09 00:10:35,1.620645,1.620935
615,2023-05-09 00:10:36,1.620625,1.6209149999999999
617,2023-05-09 00:10:37,1.62063,1.62092
618,2023-05-09 00:10:40,1.62062,1.6209099999999999
621,2023-05-09 00:10:41,1.620645,1.620935
625,2023-05-09 00:10:42,1.62063,1.62092
629,2023-05-09 00:10:43,1.6206399999999999,1.62093
630,2023-05-09 00:10:44,1.6206399999999999,1.62093
632,2023-05-09 00:10:45,1.620635,1.620925
634,2023-05-09 00:10:46,1.62063,1.62092
637,2023-05-09 00:10:47,1.62066,1.6209500000000001
638,2023-05-09 00:10:48,1.6206800000000001,1.62097
641,2023-05-09 00:10:49,1.6205749999999999,1.620865
643,2023-05-09 00:10:51,1.6205699999999998,1.62086
644,2023-05-09 00:10:53,1.6205500000000002,1.6208399999999998
647,2023-05-09 00:10:55,1.6206,1.6208900000000002
650,2023-05-09 00:10:56,1.62059,1.62088
653,2023-05-09 00:10:57,1.620585,1.620875
655,2023-05-09 00:10:58,1.62059,1.62088
658,2023-05-09 00:10:59,1.62062,1.6209099999999999
659,2023-05-09 00:11:00,1.62062,1.6209099999999999
662,2023-05-09 00:11:01,1.6206399999999999,1.62093
665,2023-05-09 00:11:03,1.62069,1.6209799999999999
667,2023-05-09 00:11:04,1.62065,1.62094
670,2023-05-09 00:11:05,1.62066,1.6209500000000001
673,2023-05-09 00:11:06,1.6206200000000002,1.6209099999999999
675,2023-05-09 00:11:07,1.62063,1.62092
678,2023-05-09 00:11:08,1.62062,1.6209099999999999
679,2023-05-09 00:11:10,1.6206,1.6208900000000002
680,2023-05-09 00:11:11,1.62053,1.6208200000000001
681,2023-05-09 00:11:15,1.62054,1.62083
682,2023-05-09 00:11:16,1.6205500000000002,1.6208399999999998
683,2023-05-09 00:11:17,1.62051,1.6208
684,2023-05-09 00:11:18,1.6205,1.62079
685,2023-05-09 00:11:19,1.62051,1.6208
686,2023-05-09 00:11:22,1.620545,1.620835
688,2023-05-09 00:11:23,1.62053,1.6208200000000001
689,2023-05-09 00:11:26,1.6205,1.62079
690,2023-05-09 00:11:31,1.62049,1.6207799999999999
691,2023-05-09 00:11:35,1.6205,1.62079
692,2023-05-09 00:11:37,1.62049,1.6207799999999999
695,2023-05-09 00:11:39,1.62054,1.62083
696,2023-05-09 00:11:40,1.620485,1.620775
698,2023-05-09 00:11:44,1.62045,1.62074
701,2023-05-09 00:11:45,1.62045,1.62074
704,2023-05-09 00:11:46,1.620415,1.620705
708,2023-05-09 00:11:50,1.62043,1.62072
709,2023-05-09 00:11:52,1.6204399999999999,1.62073
711,2023-05-09 00:11:57,1.62045,1.62074
712,2023-05-09 00:11:59,1.6204649999999998,1.620755
714,2023-05-09 00:12:00,1.6204399999999999,1.62073
717,2023-05-09 00:12:04,1.62052,1.62081
718,2023-05-09 00:12:05,1.62051,1.6208
719,2023-05-09 00:12:06,1.62052,1.62081
720,2023-05-09 00:12:07,1.6204900000000002,1.6207799999999999
722,2023-05-09 00:12:08,1.620465,1.620755
724,2023-05-09 00:12:11,1.62045,1.62074
725,2023-05-09 00:12:17,1.62043,1.62072
726,2023-05-09 00:12:20,1.620495,1.6207850000000001
728,2023-05-09 00:12:21,1.6204399999999999,1.62073
729,2023-05-09 00:12:27,1.62046,1.6207500000000001
730,2023-05-09 00:12:32,1.62047,1.62076
731,2023-05-09 00:12:33,1.62046,1.6207500000000001
732,2023-05-09 00:12:38,1.620445,1.620735
734,2023-05-09 00:12:41,1.62045,1.62074
735,2023-05-09 00:12:44,1.6204399999999999,1.62073
736,2023-05-09 00:12:48,1.62046,1.6207500000000001
739,2023-05-09 00:12:50,1.6204800000000001,1.62077
740,2023-05-09 00:12:51,1.62049,1.6207799999999999
741,2023-05-09 00:12:53,1.62047,1.62076
742,2023-05-09 00:12:55,1.62051,1.6208
746,2023-05-09 00:12:58,1.6204399999999999,1.62073
747,2023-05-09 00:12:59,1.6204399999999999,1.62073
750,2023-05-09 00:13:00,1.62042,1.6207099999999999
753,2023-05-09 00:13:04,1.62043,1.62072
754,2023-05-09 00:13:06,1.62045,1.62074
755,2023-05-09 00:13:08,1.62042,1.6207099999999999
758,2023-05-09 00:13:09,1.62043,1.62072
759,2023-05-09 00:13:10,1.6204,1.62069
762,2023-05-09 00:13:11,1.62038,1.62067
763,2023-05-09 00:13:14,1.6204100000000001,1.6207
764,2023-05-09 00:13:16,1.62042,1.6207099999999999
767,2023-05-09 00:13:17,1.6204,1.62069
768,2023-05-09 00:13:18,1.62045,1.62074
769,2023-05-09 00:13:19,1.6204399999999999,1.62073
770,2023-05-09 00:13:20,1.62046,1.6207500000000001
773,2023-05-09 00:13:21,1.620475,1.620765
775,2023-05-09 00:13:23,1.62047,1.62076
776,2023-05-09 00:13:24,1.620495,1.6207850000000001
778,2023-05-09 00:13:26,1.62047,1.62076
779,2023-05-09 00:13:27,1.62046,1.6207500000000001
780,2023-05-09 00:13:28,1.62046,1.6207500000000001
782,2023-05-09 00:13:29,1.620465,1.620755
784,2023-05-09 00:13:30,1.6204800000000001,1.62077
785,2023-05-09 00:13:34,1.62045,1.62074
786,2023-05-09 00:13:35,1.6204399999999999,1.62073
787,2023-05-09 00:13:39,1.62045,1.62074
789,2023-05-09 00:13:44,1.62043,1.62072
792,2023-05-09 00:13:45,1.6204800000000001,1.62077
793,2023-05-09 00:13:46,1.620475,1.620765
795,2023-05-09 00:13:47,1.62049,1.6207799999999999
796,2023-05-09 00:13:48,1.620495,1.6207850000000001
798,2023-05-09 00:13:49,1.6205500000000002,1.6208399999999998
801,2023-05-09 00:13:50,1.620615,1.620905
803,2023-05-09 00:13:51,1.620625,1.6209149999999999
805,2023-05-09 00:13:52,1.6206800000000001,1.62097
806,2023-05-09 00:13:53,1.6207,1.62099
809,2023-05-09 00:13:54,1.6206800000000001,1.62097
812,2023-05-09 00:13:56,1.62066,1.6209500000000001
813,2023-05-09 00:14:00,1.62067,1.62096
814,2023-05-09 00:14:01,1.62072,1.62101
815,2023-05-09 00:14:04,1.62069,1.6209799999999999
816,2023-05-09 00:14:07,1.620705,1.620995
818,2023-05-09 00:14:08,1.6206800000000001,1.6209699999999998
820,2023-05-09 00:14:09,1.620725,1.621015
822,2023-05-09 00:14:10,1.62077,1.62106
825,2023-05-09 00:14:11,1.620775,1.621065
827,2023-05-09 00:14:12,1.620775,1.621065
829,2023-05-09 00:14:13,1.62076,1.6210499999999999
830,2023-05-09 00:14:15,1.6207099999999999,1.621
831,2023-05-09 00:14:18,1.6206399999999999,1.62093
834,2023-05-09 00:14:19,1.620605,1.620895
836,2023-05-09 00:14:21,1.62058,1.62087
837,2023-05-09 00:14:23,1.620555,1.6208449999999999
839,2023-05-09 00:14:24,1.62056,1.62085
840,2023-05-09 00:14:25,1.62053,1.6208200000000001
843,2023-05-09 00:14:26,1.620525,1.6208150000000001
845,2023-05-09 00:14:28,1.62052,1.62081
848,2023-05-09 00:14:29,1.6205,1.62079
851,2023-05-09 00:14:35,1.620565,1.6208550000000002
853,2023-05-09 00:14:36,1.6206,1.6208900000000002
854,2023-05-09 00:14:37,1.620585,1.620875
856,2023-05-09 00:14:38,1.6205699999999998,1.62086
857,2023-05-09 00:14:39,1.6205500000000002,1.6208399999999998
858,2023-05-09 00:14:40,1.62054,1.62083
859,2023-05-09 00:14:41,1.62051,1.6208
860,2023-05-09 00:14:42,1.620565,1.620855
862,2023-05-09 00:14:45,1.62058,1.62087
863,2023-05-09 00:14:46,1.6206,1.6208900000000002
864,2023-05-09 00:14:47,1.62061,1.6209
865,2023-05-09 00:14:48,1.6206,1.6208900000000002
866,2023-05-09 00:14:49,1.62058,1.62087
867,2023-05-09 00:14:50,1.6205500000000002,1.6208399999999998
868,2023-05-09 00:14:52,1.620535,1.620825
870,2023-05-09 00:14:53,1.6205500000000002,1.6208399999999998
871,2023-05-09 00:14:54,1.6205450000000001,1.620835
873,2023-05-09 00:14:55,1.62056,1.62085
875,2023-05-09 00:14:57,1.620515,1.620805
877,2023-05-09 00:14:58,1.62053,1.6208200000000001
880,2023-05-09 00:14:59,1.62051,1.6208
881,2023-05-09 00:15:00,1.620505,1.620795
883,2023-05-09 00:15:01,1.620475,1.620765
885,2023-05-09 00:15:02,1.620505,1.620795
887,2023-05-09 00:15:03,1.620465,1.620755
891,2023-05-09 00:15:04,1.62039,1.6206800000000001
893,2023-05-09 00:15:05,1.6203699999999999,1.62066
894,2023-05-09 00:15:06,1.62038,1.62067
896,2023-05-09 00:15:08,1.62038,1.62067
899,2023-05-09 00:15:09,1.62035,1.6206399999999999
900,2023-05-09 00:15:11,1.6203699999999999,1.62066
901,2023-05-09 00:15:18,1.62038,1.62067
902,2023-05-09 00:15:20,1.62043,1.62072
903,2023-05-09 00:15:21,1.62045,1.62074
904,2023-05-09 00:15:23,1.620445,1.620735
906,2023-05-09 00:15:25,1.6204399999999999,1.62073
907,2023-05-09 00:15:28,1.62045,1.62074
908,2023-05-09 00:15:29,1.620395,1.620685
910,2023-05-09 00:15:30,1.6204,1.62069
911,2023-05-09 00:15:31,1.6204100000000001,1.6207
912,2023-05-09 00:15:32,1.62042,1.6207099999999999
913,2023-05-09 00:15:33,1.62046,1.6207500000000001
914,2023-05-09 00:15:34,1.62051,1.6208
916,2023-05-09 00:15:35,1.6204900000000002,1.6207799999999999
918,2023-05-09 00:15:36,1.6204800000000001,1.6207699999999998
920,2023-05-09 00:15:39,1.62045,1.62074
921,2023-05-09 00:15:40,1.620485,1.620775
923,2023-05-09 00:15:42,1.62051,1.6208
924,2023-05-09 00:15:44,1.6204800000000001,1.62077
925,2023-05-09 00:15:45,1.6204399999999999,1.62073
926,2023-05-09 00:15:46,1.62045,1.62074
927,2023-05-09 00:15:49,1.620465,1.620755
931,2023-05-09 00:15:50,1.62046,1.6207500000000001
933,2023-05-09 00:15:51,1.62047,1.6207600000000002
935,2023-05-09 00:15:53,1.62049,1.6207799999999999
936,2023-05-09 00:15:55,1.6204999999999998,1.62079
938,2023-05-09 00:15:56,1.620495,1.620785
940,2023-05-09 00:15:57,1.620475,1.620765
942,2023-05-09 00:16:00,1.620455,1.620745
946,2023-05-09 00:16:01,1.620495,1.620785
948,2023-05-09 00:16:02,1.6204800000000001,1.62077
949,2023-05-09 00:16:03,1.62047,1.62076
952,2023-05-09 00:16:05,1.620455,1.620745
954,2023-05-09 00:16:07,1.6204399999999999,1.62073
955,2023-05-09 00:16:08,1.62043,1.62072
956,2023-05-09 00:16:10,1.6204100000000001,1.6207
957,2023-05-09 00:16:11,1.62042,1.6207099999999999
958,2023-05-09 00:16:15,1.620405,1.620695
960,2023-05-09 00:16:16,1.62039,1.6206800000000001
961,2023-05-09 00:16:20,1.6204,1.62069
962,2023-05-09 00:16:21,1.62039,1.62068
964,2023-05-09 00:16:22,1.62036,1.62065
965,2023-05-09 00:16:23,1.6203699999999999,1.62066
966,2023-05-09 00:16:25,1.6204200000000002,1.6207099999999999
968,2023-05-09 00:16:26,1.6204100000000001,1.6207
969,2023-05-09 00:16:27,1.62039,1.6206800000000001
970,2023-05-09 00:16:28,1.6203699999999999,1.62066
972,2023-05-09 00:16:29,1.620385,1.620675
974,2023-05-09 00:16:31,1.62038,1.62067
975,2023-05-09 00:16:32,1.6204,1.62069
976,2023-05-09 00:16:34,1.62047,1.62076
977,2023-05-09 00:16:41,1.6204399999999999,1.62073
978,2023-05-09 00:16:42,1.6204399999999999,1.62073
980,2023-05-09 00:16:43,1.62043,1.62072
981,2023-05-09 00:16:45,1.620445,1.620735
983,2023-05-09 00:16:47,1.62043,1.62072
984,2023-05-09 00:16:49,1.6204,1.62069
985,2023-05-09 00:16:50,1.62042,1.6207099999999999
986,2023-05-09 00:16:51,1.620425,1.620715
988,2023-05-09 00:16:55,1.620385,1.620675
990,2023-05-09 00:16:56,1.620405,1.620695
994,2023-05-09 00:16:57,1.6204049999999999,1.620695
996,2023-05-09 00:16:58,1.6204,1.62069
998,2023-05-09 00:17:00,1.6204,1.62069
999,2023-05-09 00:17:01,1.620325,1.620615
1001,2023-05-09 00:17:02,1.620345,1.620635
1003,2023-05-09 00:17:03,1.62038,1.62067
1004,2023-05-09 00:17:04,1.620365,1.620655
1006,2023-05-09 00:17:07,1.6203750000000001,1.6206649999999998
1008,2023-05-09 00:17:08,1.62038,1.62067
1009,2023-05-09 00:17:09,1.62039,1.6206800000000001
1010,2023-05-09 00:17:11,1.620355,1.6206450000000001
1012,2023-05-09 00:17:12,1.620255,1.620545
1014,2023-05-09 00:17:13,1.62022,1.62051
1015,2023-05-09 00:17:16,1.620215,1.620505
1017,2023-05-09 00:17:17,1.62022,1.62051
1020,2023-05-09 00:17:18,1.620195,1.620485
1022,2023-05-09 00:17:19,1.62018,1.62047
1023,2023-05-09 00:17:21,1.62022,1.62051
1024,2023-05-09 00:17:22,1.62019,1.6204800000000001
1025,2023-05-09 00:17:26,1.6201699999999999,1.62046
1028,2023-05-09 00:17:27,1.6201699999999999,1.62046
1029,2023-05-09 00:17:28,1.62016,1.62045
1030,2023-05-09 00:17:31,1.62015,1.6204399999999999
1031,2023-05-09 00:17:33,1.62018,1.62047
1032,2023-05-09 00:17:36,1.6202,1.62049
1033,2023-05-09 00:17:37,1.62019,1.6204800000000001
1035,2023-05-09 00:17:38,1.6202,1.62049
1036,2023-05-09 00:17:43,1.6201400000000001,1.6204299999999998
1038,2023-05-09 00:17:44,1.62019,1.6204800000000001
1039,2023-05-09 00:17:45,1.62016,1.62045
1040,2023-05-09 00:17:47,1.62018,1.62047
1041,2023-05-09 00:17:49,1.6202,1.62049
1042,2023-05-09 00:17:53,1.620165,1.620455
1044,2023-05-09 00:17:56,1.62018,1.62047
1047,2023-05-09 00:17:58,1.6201699999999999,1.62046
1048,2023-05-09 00:18:00,1.62018,1.62047
1050,2023-05-09 00:18:01,1.62022,1.62051
1051,2023-05-09 00:18:03,1.62025,1.62054
1052,2023-05-09 00:18:04,1.62019,1.6204800000000001
1055,2023-05-09 00:18:05,1.6202299999999998,1.62052
1056,2023-05-09 00:18:06,1.6202,1.62049
1057,2023-05-09 00:18:07,1.6202299999999998,1.62052
1058,2023-05-09 00:18:08,1.620205,1.620495
1060,2023-05-09 00:18:10,1.62025,1.62054
1061,2023-05-09 00:18:15,1.620275,1.620565
1063,2023-05-09 00:18:16,1.6202800000000002,1.6205699999999998
1064,2023-05-09 00:18:17,1.62029,1.62058
1065,2023-05-09 00:18:18,1.6202999999999999,1.62059
1066,2023-05-09 00:18:22,1.62033,1.62062
1067,2023-05-09 00:18:28,1.62026,1.6205500000000002
1069,2023-05-09 00:18:32,1.620265,1.620555
1071,2023-05-09 00:18:38,1.6202299999999998,1.62052
1073,2023-05-09 00:18:44,1.6202299999999998,1.62052
1074,2023-05-09 00:18:46,1.62032,1.62061
1075,2023-05-09 00:18:48,1.62031,1.6206
1076,2023-05-09 00:18:51,1.620265,1.620555
1078,2023-05-09 00:18:57,1.62033,1.62062
1079,2023-05-09 00:18:59,1.6203400000000001,1.62063
1080,2023-05-09 00:19:00,1.6203400000000001,1.62063
1081,2023-05-09 00:19:01,1.62036,1.62065
1082,2023-05-09 00:19:02,1.62039,1.6206800000000001
1083,2023-05-09 00:19:03,1.62036,1.62065
1084,2023-05-09 00:19:05,1.62036,1.62065
1087,2023-05-09 00:19:06,1.62036,1.62065
1088,2023-05-09 00:19:08,1.62035,1.6206399999999999
1091,2023-05-09 00:19:10,1.6202999999999999,1.62059
1093,2023-05-09 00:19:16,1.6202999999999999,1.62059
1094,2023-05-09 00:19:18,1.620355,1.6206450000000001
1096,2023-05-09 00:19:19,1.620405,1.620695
1098,2023-05-09 00:19:23,1.62042,1.6207099999999999
1099,2023-05-09 00:19:25,1.620415,1.620705
1101,2023-05-09 00:19:30,1.62038,1.62067
1103,2023-05-09 00:19:31,1.6204,1.6206900000000002
1105,2023-05-09 00:19:34,1.62038,1.62067
1106,2023-05-09 00:19:36,1.6204100000000001,1.6207
1107,2023-05-09 00:19:40,1.62031,1.6206
1110,2023-05-09 00:19:42,1.62026,1.6205500000000002
1111,2023-05-09 00:19:44,1.6202800000000002,1.6205699999999998
1112,2023-05-09 00:19:49,1.6202999999999999,1.62059
1113,2023-05-09 00:19:50,1.6203699999999999,1.62066
1116,2023-05-09 00:19:52,1.6204,1.62069
1117,2023-05-09 00:19:58,1.6202800000000002,1.6205699999999998
1120,2023-05-09 00:19:59,1.620255,1.6205450000000001
1122,2023-05-09 00:20:00,1.620295,1.6205850000000002
1124,2023-05-09 00:20:04,1.6203400000000001,1.62063
1126,2023-05-09 00:20:06,1.62042,1.6207099999999999
1127,2023-05-09 00:20:07,1.62038,1.62067
1128,2023-05-09 00:20:08,1.62038,1.62067
1130,2023-05-09 00:20:15,1.620325,1.620615
1132,2023-05-09 00:20:16,1.62036,1.62065
1133,2023-05-09 00:20:19,1.62038,1.62067
1136,2023-05-09 00:20:20,1.620355,1.620645
1138,2023-05-09 00:20:21,1.6204100000000001,1.6207
1141,2023-05-09 00:20:22,1.62038,1.62067
1142,2023-05-09 00:20:23,1.6204100000000001,1.6207
1143,2023-05-09 00:20:24,1.6204,1.62069
1144,2023-05-09 00:20:25,1.62038,1.62067
1147,2023-05-09 00:20:28,1.62042,1.6207099999999999
1148,2023-05-09 00:20:29,1.62045,1.62074
1149,2023-05-09 00:20:30,1.620445,1.620735
1151,2023-05-09 00:20:33,1.620475,1.620765
1153,2023-05-09 00:20:36,1.6204800000000001,1.62077
1154,2023-05-09 00:20:37,1.6204450000000001,1.620735
1156,2023-05-09 00:20:45,1.6204100000000001,1.6207
1157,2023-05-09 00:20:46,1.620405,1.620695
1159,2023-05-09 00:20:48,1.62038,1.62067
1160,2023-05-09 00:20:54,1.62043,1.62072
1161,2023-05-09 00:20:55,1.620425,1.620715
1163,2023-05-09 00:20:56,1.62042,1.6207099999999999
1166,2023-05-09 00:20:57,1.62043,1.62072
1167,2023-05-09 00:20:58,1.620425,1.6207150000000001
1169,2023-05-09 00:21:00,1.620425,1.6207150000000001
1171,2023-05-09 00:21:01,1.6203400000000001,1.62063
1172,2023-05-09 00:21:06,1.6203699999999999,1.62066
1173,2023-05-09 00:21:07,1.6204,1.6206900000000002
1175,2023-05-09 00:21:09,1.620385,1.6206749999999999
1177,2023-05-09 00:21:11,1.62039,1.6206800000000001
1178,2023-05-09 00:21:15,1.6203699999999999,1.62066
1179,2023-05-09 00:21:16,1.620395,1.620685
1181,2023-05-09 00:21:18,1.6204100000000001,1.6207
1182,2023-05-09 00:21:22,1.62045,1.62074
1184,2023-05-09 00:21:23,1.62042,1.6207099999999999
1185,2023-05-09 00:21:24,1.6204800000000001,1.62077
1186,2023-05-09 00:21:25,1.62047,1.62076
1187,2023-05-09 00:21:35,1.6204800000000001,1.62077
1188,2023-05-09 00:21:42,1.62049,1.6207799999999999
1189,2023-05-09 00:21:44,1.62054,1.62083
1190,2023-05-09 00:21:46,1.62052,1.62081
1191,2023-05-09 00:21:49,1.62049,1.6207799999999999
1192,2023-05-09 00:21:57,1.6205,1.62079
1193,2023-05-09 00:22:00,1.62054,1.62083
1194,2023-05-09 00:22:01,1.6205500000000002,1.6208399999999998
1195,2023-05-09 00:22:02,1.62054,1.62083
1197,2023-05-09 00:22:03,1.62058,1.62087
1199,2023-05-09 00:22:06,1.62058,1.62087
1200,2023-05-09 00:22:07,1.6205850000000002,1.6208749999999998
1202,2023-05-09 00:22:08,1.620605,1.620895
1204,2023-05-09 00:22:10,1.620635,1.620925
1206,2023-05-09 00:22:11,1.620635,1.620925
1208,2023-05-09 00:22:12,1.62067,1.62096
1209,2023-05-09 00:22:14,1.62066,1.6209500000000001
1210,2023-05-09 00:22:15,1.62067,1.62096
1211,2023-05-09 00:22:16,1.62066,1.6209500000000001
1214,2023-05-09 00:22:20,1.6206,1.62089
1216,2023-05-09 00:22:21,1.62059,1.62088
1218,2023-05-09 00:22:22,1.6205699999999998,1.62086
1219,2023-05-09 00:22:27,1.6205500000000002,1.6208399999999998
1221,2023-05-09 00:22:31,1.6206099999999999,1.6209
1223,2023-05-09 00:22:36,1.62062,1.6209099999999999
1224,2023-05-09 00:22:37,1.6206800000000001,1.62097
1225,2023-05-09 00:22:40,1.62065,1.62094
1226,2023-05-09 00:22:41,1.6206399999999999,1.62093
1227,2023-05-09 00:22:45,1.62061,1.6209
1228,2023-05-09 00:22:46,1.6206,1.6208900000000002
1229,2023-05-09 00:22:47,1.620565,1.620855
1231,2023-05-09 00:22:49,1.62059,1.62088
1232,2023-05-09 00:22:50,1.62062,1.6209099999999999
1233,2023-05-09 00:22:52,1.62061,1.6209
1234,2023-05-09 00:22:54,1.62059,1.62088
1235,2023-05-09 00:22:57,1.62054,1.62083
1237,2023-05-09 00:22:58,1.62054,1.62083
1240,2023-05-09 00:23:00,1.6205500000000002,1.6208399999999998
1241,2023-05-09 00:23:07,1.62052,1.62081
1242,2023-05-09 00:23:11,1.62049,1.6207799999999999
1244,2023-05-09 00:23:13,1.62043,1.62072
1247,2023-05-09 00:23:15,1.620435,1.620725
1249,2023-05-09 00:23:17,1.620435,1.620725
1251,2023-05-09 00:23:26,1.6204,1.62069
1252,2023-05-09 00:23:29,1.62049,1.6207799999999999
1253,2023-05-09 00:23:30,1.62051,1.6208
1255,2023-05-09 00:23:33,1.62045,1.62074
1256,2023-05-09 00:23:34,1.6204800000000001,1.62077
1257,2023-05-09 00:23:35,1.62047,1.62076
1258,2023-05-09 00:23:36,1.62047,1.62076
1261,2023-05-09 00:23:37,1.620495,1.620785
1263,2023-05-09 00:23:38,1.62051,1.6208
1264,2023-05-09 00:23:40,1.6205,1.62079
1265,2023-05-09 00:23:41,1.62053,1.6208200000000001
1266,2023-05-09 00:23:42,1.62054,1.62083
1267,2023-05-09 00:23:45,1.62052,1.62081
1268,2023-05-09 00:23:46,1.62054,1.62083
1269,2023-05-09 00:23:47,1.6205500000000002,1.6208399999999998
1273,2023-05-09 00:23:48,1.62052,1.62081
1274,2023-05-09 00:23:49,1.62051,1.6208
1275,2023-05-09 00:23:50,1.6205,1.62079
1276,2023-05-09 00:23:55,1.62045,1.62074
1277,2023-05-09 00:23:56,1.6204399999999999,1.62073
1278,2023-05-09 00:23:57,1.62046,1.6207500000000001
1279,2023-05-09 00:23:58,1.62047,1.62076
1280,2023-05-09 00:23:59,1.62046,1.6207500000000001
1281,2023-05-09 00:24:00,1.62046,1.6207500000000001
1282,2023-05-09 00:24:06,1.62052,1.62081
1283,2023-05-09 00:24:07,1.62054,1.62083
1284,2023-05-09 00:24:08,1.620545,1.620835
1286,2023-05-09 00:24:17,1.6204800000000001,1.62077
1287,2023-05-09 00:24:18,1.620535,1.620825
1289,2023-05-09 00:24:23,1.62052,1.62081
1291,2023-05-09 00:24:24,1.62049,1.6207799999999999
1292,2023-05-09 00:24:27,1.62052,1.62081
1293,2023-05-09 00:24:28,1.62051,1.6208
1294,2023-05-09 00:24:31,1.62043,1.62072
1297,2023-05-09 00:24:32,1.620435,1.620725
1299,2023-05-09 00:24:35,1.62047,1.62076
1300,2023-05-09 00:24:42,1.62049,1.6207799999999999
1301,2023-05-09 00:24:48,1.62051,1.6208
1303,2023-05-09 00:24:49,1.62051,1.6208
1304,2023-05-09 00:24:50,1.62049,1.6207799999999999
1305,2023-05-09 00:24:52,1.6204999999999998,1.62079
1307,2023-05-09 00:24:53,1.620485,1.620775
1309,2023-05-09 00:24:58,1.62047,1.62076
1310,2023-05-09 00:24:59,1.62043,1.62072
1311,2023-05-09 00:25:00,1.62043,1.62072
1312,2023-05-09 00:25:01,1.6204800000000001,1.62077
1313,2023-05-09 00:25:06,1.62051,1.6208
1314,2023-05-09 00:25:07,1.6205,1.62079
1315,2023-05-09 00:25:08,1.62051,1.6208
1316,2023-05-09 00:25:09,1.62053,1.6208200000000001
1319,2023-05-09 00:25:10,1.6205500000000002,1.6208399999999998
1320,2023-05-09 00:25:12,1.62054,1.62083
1323,2023-05-09 00:25:14,1.620555,1.6208449999999999
1325,2023-05-09 00:25:15,1.6205500000000002,1.6208399999999998
1326,2023-05-09 00:25:16,1.6206,1.62089
1328,2023-05-09 00:25:19,1.62061,1.6209
1329,2023-05-09 00:25:21,1.62063,1.62092
1330,2023-05-09 00:25:23,1.62056,1.62085
1333,2023-05-09 00:25:26,1.620595,1.620885
1335,2023-05-09 00:25:27,1.62062,1.6209099999999999
1336,2023-05-09 00:25:29,1.62061,1.6209
1339,2023-05-09 00:25:30,1.62063,1.62092
1340,2023-05-09 00:25:32,1.62061,1.6209
1341,2023-05-09 00:25:44,1.62063,1.62092
1342,2023-05-09 00:25:45,1.62062,1.6209099999999999
1343,2023-05-09 00:25:48,1.62056,1.62085
1346,2023-05-09 00:25:49,1.6205699999999998,1.62086
1347,2023-05-09 00:25:50,1.62058,1.62087
1348,2023-05-09 00:25:51,1.62056,1.62085
1351,2023-05-09 00:25:52,1.62052,1.62081
1354,2023-05-09 00:25:53,1.62056,1.62085
1356,2023-05-09 00:25:54,1.6205500000000002,1.6208399999999998
1357,2023-05-09 00:25:56,1.6206,1.6208900000000002
1359,2023-05-09 00:26:00,1.620605,1.620895
1361,2023-05-09 00:26:01,1.6206,1.6208900000000002
1362,2023-05-09 00:26:02,1.620605,1.620895
1364,2023-05-09 00:26:03,1.62061,1.6209
1365,2023-05-09 00:26:04,1.620615,1.620905
1367,2023-05-09 00:26:07,1.62059,1.62088
1368,2023-05-09 00:26:09,1.62065,1.62094
1371,2023-05-09 00:26:10,1.6205500000000002,1.6208399999999998
1374,2023-05-09 00:26:12,1.62054,1.62083
1375,2023-05-09 00:26:13,1.62049,1.6207799999999999
1376,2023-05-09 00:26:14,1.620495,1.6207850000000001
1380,2023-05-09 00:26:15,1.620515,1.620805
1382,2023-05-09 00:26:20,1.6205150000000001,1.6208049999999998
1384,2023-05-09 00:26:25,1.62046,1.6207500000000001
1385,2023-05-09 00:26:26,1.62049,1.6207799999999999
1388,2023-05-09 00:26:29,1.62049,1.6207799999999999
1389,2023-05-09 00:26:30,1.620545,1.620835
1391,2023-05-09 00:26:33,1.62058,1.62087
1392,2023-05-09 00:26:37,1.62056,1.62085
1393,2023-05-09 00:26:38,1.620585,1.620875
1395,2023-05-09 00:26:39,1.6206,1.6208900000000002
1396,2023-05-09 00:26:40,1.62059,1.62088
1397,2023-05-09 00:26:41,1.62059,1.62088
1399,2023-05-09 00:26:42,1.6205699999999998,1.62086
1400,2023-05-09 00:26:46,1.62058,1.62087
1401,2023-05-09 00:26:47,1.6205500000000002,1.6208399999999998
1402,2023-05-09 00:26:48,1.6205699999999998,1.62086
1403,2023-05-09 00:26:49,1.62059,1.62088
1404,2023-05-09 00:26:50,1.62058,1.62087
1406,2023-05-09 00:26:51,1.62054,1.62083
1409,2023-05-09 00:26:52,1.62052,1.62081
1410,2023-05-09 00:26:53,1.62052,1.62081
1413,2023-05-09 00:26:54,1.62052,1.62081
1415,2023-05-09 00:26:56,1.6204800000000001,1.62077
1418,2023-05-09 00:26:57,1.62053,1.6208200000000001
1419,2023-05-09 00:27:00,1.62051,1.6208
1421,2023-05-09 00:27:01,1.62051,1.6208
1424,2023-05-09 00:27:03,1.62047,1.62076
1427,2023-05-09 00:27:04,1.6204800000000001,1.6207699999999998
1429,2023-05-09 00:27:06,1.62051,1.6208
1430,2023-05-09 00:27:07,1.6205,1.62079
1431,2023-05-09 00:27:08,1.62049,1.6207799999999999
1432,2023-05-09 00:27:09,1.62049,1.6207799999999999
1435,2023-05-09 00:27:10,1.62053,1.6208200000000001
1436,2023-05-09 00:27:11,1.620505,1.620795
1438,2023-05-09 00:27:12,1.620505,1.620795
1440,2023-05-09 00:27:15,1.62052,1.62081
1441,2023-05-09 00:27:16,1.62053,1.6208200000000001
1442,2023-05-09 00:27:20,1.62052,1.62081
1443,2023-05-09 00:27:21,1.62048,1.62077
1445,2023-05-09 00:27:22,1.62046,1.6207500000000001
1447,2023-05-09 00:27:25,1.6204399999999999,1.62073
1450,2023-05-09 00:27:26,1.62045,1.62074
1451,2023-05-09 00:27:29,1.6204749999999999,1.620765
1453,2023-05-09 00:27:31,1.6204100000000001,1.6207
1454,2023-05-09 00:27:32,1.620465,1.620755
1456,2023-05-09 00:27:33,1.62045,1.62074
1457,2023-05-09 00:27:35,1.62046,1.6207500000000001
1458,2023-05-09 00:27:37,1.62047,1.62076
1459,2023-05-09 00:27:38,1.62046,1.6207500000000001
1460,2023-05-09 00:27:39,1.62047,1.62076
1461,2023-05-09 00:27:41,1.62045,1.62074
1462,2023-05-09 00:27:42,1.6203699999999999,1.62066
1465,2023-05-09 00:27:44,1.62038,1.62067
1466,2023-05-09 00:27:53,1.6203699999999999,1.62066
1467,2023-05-09 00:27:55,1.62038,1.62067
1468,2023-05-09 00:27:56,1.6204100000000001,1.6207
1469,2023-05-09 00:27:57,1.6204,1.62069
1470,2023-05-09 00:27:59,1.6204100000000001,1.6207
1471,2023-05-09 00:28:00,1.6204100000000001,1.6207
1472,2023-05-09 00:28:04,1.62045,1.62074
1475,2023-05-09 00:28:09,1.62042,1.6207099999999999
1476,2023-05-09 00:28:11,1.620455,1.6207449999999999
1478,2023-05-09 00:28:21,1.62045,1.62074
1479,2023-05-09 00:28:25,1.62046,1.6207500000000001
1480,2023-05-09 00:28:30,1.6204399999999999,1.62073
1481,2023-05-09 00:28:32,1.620415,1.620705
1483,2023-05-09 00:28:43,1.62043,1.62072
1484,2023-05-09 00:28:46,1.62047,1.62076
1485,2023-05-09 00:28:47,1.6204399999999999,1.62073
1486,2023-05-09 00:29:00,1.620455,1.6207449999999999
1488,2023-05-09 00:29:04,1.6205,1.62079
1489,2023-05-09 00:29:06,1.62052,1.62081
1490,2023-05-09 00:29:07,1.620535,1.620825
1492,2023-05-09 00:29:08,1.62052,1.62081
1493,2023-05-09 00:29:18,1.62049,1.6207799999999999
1495,2023-05-09 00:29:20,1.62045,1.62074
1496,2023-05-09 00:29:25,1.6204800000000001,1.62077
1497,2023-05-09 00:29:28,1.62049,1.6207799999999999
1498,2023-05-09 00:29:29,1.6204800000000001,1.62077
1499,2023-05-09 00:29:35,1.62049,1.6207799999999999
1500,2023-05-09 00:29:36,1.620485,1.620775
1502,2023-05-09 00:29:37,1.620495,1.620785
1504,2023-05-09 00:29:38,1.62052,1.62081
1505,2023-05-09 00:29:45,1.6205,1.62079
1506,2023-05-09 00:29:46,1.62052,1.62081
1507,2023-05-09 00:29:49,1.62053,1.6208200000000001
1508,2023-05-09 00:29:51,1.62051,1.6208
1509,2023-05-09 00:29:52,1.620525,1.6208150000000001
1511,2023-05-09 00:29:54,1.62058,1.62087
1513,2023-05-09 00:29:59,1.62058,1.62087
1516,2023-05-09 00:30:00,1.620595,1.620885
1518,2023-05-09 00:30:01,1.62052,1.62081
1521,2023-05-09 00:30:03,1.62058,1.62087
1522,2023-05-09 00:30:04,1.62056,1.62085
1523,2023-05-09 00:30:06,1.6205699999999998,1.62086
1524,2023-05-09 00:30:07,1.62056,1.62085
1525,2023-05-09 00:30:08,1.6205500000000002,1.6208399999999998
1526,2023-05-09 00:30:09,1.6205500000000002,1.6208399999999998
1528,2023-05-09 00:30:10,1.6205500000000002,1.6208399999999998
1529,2023-05-09 00:30:12,1.62054,1.62083
1530,2023-05-09 00:30:13,1.62059,1.62088
1532,2023-05-09 00:30:14,1.62059,1.62088
1533,2023-05-09 00:30:15,1.6206,1.6208900000000002
1534,2023-05-09 00:30:16,1.62059,1.62088
1535,2023-05-09 00:30:17,1.6206,1.6208900000000002
1536,2023-05-09 00:30:20,1.62065,1.62094
1537,2023-05-09 00:30:21,1.620635,1.620925
1539,2023-05-09 00:30:23,1.620635,1.620925
1541,2023-05-09 00:30:24,1.62058,1.62087
1542,2023-05-09 00:30:26,1.62065,1.62094
1545,2023-05-09 00:30:30,1.62062,1.6209099999999999
1546,2023-05-09 00:30:33,1.62063,1.62092
1547,2023-05-09 00:30:40,1.62065,1.62094
1548,2023-05-09 00:30:41,1.620645,1.620935
1550,2023-05-09 00:30:46,1.6206900000000002,1.6209799999999999
1552,2023-05-09 00:30:47,1.62069,1.6209799999999999
1553,2023-05-09 00:30:55,1.6207,1.62099
1554,2023-05-09 00:30:57,1.6207099999999999,1.621
1555,2023-05-09 00:31:00,1.6207099999999999,1.621
1556,2023-05-09 00:31:03,1.6207,1.62099
1557,2023-05-09 00:31:04,1.62069,1.6209799999999999
1558,2023-05-09 00:31:05,1.6207099999999999,1.621
1561,2023-05-09 00:31:10,1.6207,1.62099
1562,2023-05-09 00:31:11,1.6207099999999999,1.621
1563,2023-05-09 00:31:14,1.62069,1.6209799999999999
1564,2023-05-09 00:31:15,1.6206800000000001,1.62097
1565,2023-05-09 00:31:16,1.620655,1.620945
1569,2023-05-09 00:31:22,1.6206800000000001,1.62097
1570,2023-05-09 00:31:35,1.6207,1.62099
1571,2023-05-09 00:31:37,1.62069,1.6209799999999999
1572,2023-05-09 00:31:40,1.6207,1.62099
1573,2023-05-09 00:31:42,1.62069,1.6209799999999999
1574,2023-05-09 00:31:43,1.620675,1.620965
1578,2023-05-09 00:31:46,1.62067,1.6209600000000002
1580,2023-05-09 00:31:50,1.62067,1.62096
1581,2023-05-09 00:31:51,1.620675,1.620965
1583,2023-05-09 00:31:52,1.62067,1.6209600000000002
1585,2023-05-09 00:31:53,1.62067,1.62096
1586,2023-05-09 00:31:54,1.6206800000000001,1.62097
1587,2023-05-09 00:32:00,1.620685,1.620975
1589,2023-05-09 00:32:01,1.620705,1.620995
1591,2023-05-09 00:32:02,1.62069,1.6209799999999999
1592,2023-05-09 00:32:03,1.6207,1.62099
1593,2023-05-09 00:32:04,1.62072,1.62101
1594,2023-05-09 00:32:06,1.6207099999999999,1.621
1595,2023-05-09 00:32:07,1.6207500000000001,1.62104
1598,2023-05-09 00:32:08,1.62076,1.6210499999999999
1599,2023-05-09 00:32:09,1.62077,1.62106
1600,2023-05-09 00:32:12,1.6207799999999999,1.62107
1601,2023-05-09 00:32:13,1.62079,1.62108
1602,2023-05-09 00:32:19,1.62076,1.6210499999999999
1603,2023-05-09 00:32:20,1.620775,1.621065
1605,2023-05-09 00:32:25,1.62083,1.62112
1608,2023-05-09 00:32:34,1.6207850000000001,1.6210749999999998
1610,2023-05-09 00:32:35,1.6207500000000001,1.62104
1611,2023-05-09 00:32:41,1.6208,1.6210900000000001
1612,2023-05-09 00:32:44,1.620785,1.621075
1614,2023-05-09 00:32:45,1.6207500000000001,1.62104
1615,2023-05-09 00:32:50,1.6208,1.6210900000000001
1618,2023-05-09 00:32:51,1.6208399999999998,1.62113
1619,2023-05-09 00:32:55,1.6208200000000001,1.6211099999999998
1623,2023-05-09 00:33:00,1.62079,1.62108
1624,2023-05-09 00:33:01,1.620905,1.6211950000000002
1628,2023-05-09 00:33:02,1.6209,1.62119
1631,2023-05-09 00:33:03,1.6209,1.62119
1632,2023-05-09 00:33:04,1.62088,1.62117
1633,2023-05-09 00:33:05,1.6208900000000002,1.6211799999999998
1634,2023-05-09 00:33:09,1.62088,1.62117
1635,2023-05-09 00:33:10,1.62085,1.62114
1636,2023-05-09 00:33:11,1.62086,1.62115
1639,2023-05-09 00:33:12,1.6208399999999998,1.62113
1640,2023-05-09 00:33:16,1.6209,1.62119
1641,2023-05-09 00:33:17,1.62093,1.62122
1642,2023-05-09 00:33:25,1.62094,1.62123
1643,2023-05-09 00:33:26,1.620915,1.621205
1645,2023-05-09 00:33:27,1.62092,1.62121
1646,2023-05-09 00:33:28,1.6209099999999999,1.6212
1647,2023-05-09 00:33:30,1.62097,1.62126
1648,2023-05-09 00:33:34,1.6209799999999999,1.62127
1649,2023-05-09 00:33:35,1.62099,1.62128
1650,2023-05-09 00:33:36,1.62098,1.62127
1652,2023-05-09 00:33:37,1.620935,1.621225
1654,2023-05-09 00:33:38,1.6210499999999999,1.62134
1655,2023-05-09 00:33:39,1.62106,1.62135
1656,2023-05-09 00:33:40,1.6210149999999999,1.621305
1658,2023-05-09 00:33:42,1.620995,1.621285
1660,2023-05-09 00:33:43,1.6210200000000001,1.62131
1661,2023-05-09 00:33:44,1.620965,1.6212550000000001
1663,2023-05-09 00:33:46,1.6209799999999999,1.62127
1666,2023-05-09 00:33:47,1.621115,1.621405
1668,2023-05-09 00:33:49,1.62114,1.6214300000000001
1669,2023-05-09 00:33:50,1.62107,1.6213600000000001
1670,2023-05-09 00:33:52,1.62106,1.62135
1671,2023-05-09 00:33:53,1.62107,1.6213600000000001
1672,2023-05-09 00:33:56,1.62103,1.6213199999999999
1673,2023-05-09 00:34:00,1.621035,1.621325
1675,2023-05-09 00:34:06,1.62106,1.62135
1678,2023-05-09 00:34:07,1.6210300000000002,1.6213199999999999
1680,2023-05-09 00:34:09,1.62103,1.6213199999999999
1681,2023-05-09 00:34:10,1.62104,1.62133
1682,2023-05-09 00:34:16,1.62094,1.62123
1685,2023-05-09 00:34:18,1.62093,1.62122
1686,2023-05-09 00:34:22,1.62094,1.62123
1687,2023-05-09 00:34:23,1.62087,1.6211600000000002
1689,2023-05-09 00:34:24,1.62093,1.62122
1690,2023-05-09 00:34:26,1.62092,1.62121
1691,2023-05-09 00:34:28,1.62085,1.62114
1692,2023-05-09 00:34:30,1.6209099999999999,1.6212
1694,2023-05-09 00:34:35,1.6209099999999999,1.6212
1695,2023-05-09 00:34:36,1.62087,1.6211600000000002
1696,2023-05-09 00:34:37,1.620875,1.621165
1698,2023-05-09 00:34:41,1.62088,1.62117
1699,2023-05-09 00:34:42,1.62087,1.6211600000000002
1700,2023-05-09 00:34:54,1.62086,1.62115
1701,2023-05-09 00:34:55,1.62087,1.6211600000000002
1702,2023-05-09 00:34:59,1.620875,1.621165
1704,2023-05-09 00:35:00,1.62088,1.62117
1705,2023-05-09 00:35:02,1.6208900000000002,1.6211799999999998
1706,2023-05-09 00:35:05,1.62087,1.6211600000000002
1709,2023-05-09 00:35:06,1.6208399999999998,1.62113
1710,2023-05-09 00:35:07,1.62083,1.62112
1711,2023-05-09 00:35:08,1.62083,1.62112
1713,2023-05-09 00:35:09,1.6208,1.6210900000000001
1714,2023-05-09 00:35:10,1.6208200000000001,1.62111
1715,2023-05-09 00:35:13,1.6208200000000001,1.6211099999999998
1717,2023-05-09 00:35:16,1.6208200000000001,1.62111
1718,2023-05-09 00:35:17,1.6207799999999999,1.62107
1719,2023-05-09 00:35:27,1.62076,1.6210499999999999
1720,2023-05-09 00:35:30,1.6207799999999999,1.62107
1721,2023-05-09 00:35:31,1.62076,1.6210499999999999
1722,2023-05-09 00:35:32,1.62077,1.62106
1723,2023-05-09 00:35:35,1.6208200000000001,1.6211099999999998
1725,2023-05-09 00:35:37,1.62081,1.6211
1726,2023-05-09 00:35:38,1.62083,1.62112
1727,2023-05-09 00:35:44,1.6208200000000001,1.62111
1728,2023-05-09 00:35:45,1.62083,1.62112
1729,2023-05-09 00:35:47,1.6208150000000001,1.621105
1731,2023-05-09 00:35:57,1.620835,1.621125
1733,2023-05-09 00:35:58,1.62086,1.62115
1734,2023-05-09 00:36:00,1.62085,1.62114
1735,2023-05-09 00:36:01,1.62088,1.62117
1736,2023-05-09 00:36:06,1.62086,1.62115
1737,2023-05-09 00:36:08,1.62085,1.62114
1738,2023-05-09 00:36:09,1.62086,1.62115
1739,2023-05-09 00:36:12,1.62088,1.62117
1740,2023-05-09 00:36:15,1.6208900000000002,1.6211799999999998
1741,2023-05-09 00:36:17,1.62088,1.62117
1742,2023-05-09 00:36:21,1.62087,1.6211600000000002
1743,2023-05-09 00:36:26,1.62085,1.62114
1744,2023-05-09 00:36:27,1.62081,1.6211000000000002
1746,2023-05-09 00:36:28,1.6208200000000001,1.62111
1747,2023-05-09 00:36:29,1.620815,1.621105
1749,2023-05-09 00:36:30,1.620925,1.621215
1751,2023-05-09 00:36:32,1.62093,1.62122
1752,2023-05-09 00:36:33,1.6209500000000001,1.62124
1753,2023-05-09 00:36:36,1.62093,1.62122
1754,2023-05-09 00:36:37,1.6209,1.62119
1755,2023-05-09 00:36:40,1.62092,1.62121
1756,2023-05-09 00:36:41,1.62094,1.62123
1757,2023-05-09 00:36:42,1.62093,1.62122
1758,2023-05-09 00:36:43,1.62094,1.62123
1759,2023-05-09 00:36:45,1.620945,1.621235
1761,2023-05-09 00:36:46,1.620935,1.621225
1763,2023-05-09 00:36:52,1.6209099999999999,1.6212
1764,2023-05-09 00:36:54,1.62092,1.62121
1765,2023-05-09 00:36:57,1.6209099999999999,1.6212
1766,2023-05-09 00:36:58,1.6208900000000002,1.6211799999999998
1767,2023-05-09 00:36:59,1.6209099999999999,1.6212
1768,2023-05-09 00:37:03,1.6209099999999999,1.6212
1769,2023-05-09 00:37:04,1.62092,1.62121
1772,2023-05-09 00:37:05,1.620915,1.621205
1774,2023-05-09 00:37:07,1.620875,1.621165
1776,2023-05-09 00:37:11,1.620855,1.621145
1778,2023-05-09 00:37:17,1.62087,1.6211600000000002
1779,2023-05-09 00:37:19,1.62085,1.62114
1780,2023-05-09 00:37:21,1.6208900000000002,1.6211799999999998
1781,2023-05-09 00:37:23,1.620895,1.621185
1783,2023-05-09 00:37:24,1.62088,1.62117
1784,2023-05-09 00:37:25,1.6209,1.62119
1785,2023-05-09 00:37:26,1.6209099999999999,1.6212
1786,2023-05-09 00:37:28,1.6209500000000001,1.62124
1787,2023-05-09 00:37:31,1.62094,1.62123
1788,2023-05-09 00:37:32,1.620935,1.621225
1790,2023-05-09 00:37:37,1.6209500000000001,1.62124
1791,2023-05-09 00:37:38,1.62094,1.62123
1792,2023-05-09 00:37:39,1.62096,1.6212499999999999
1793,2023-05-09 00:37:41,1.6209850000000001,1.621275
1795,2023-05-09 00:37:42,1.6209799999999999,1.62127
1796,2023-05-09 00:37:47,1.6210149999999999,1.621305
1798,2023-05-09 00:37:48,1.62112,1.62141
1800,2023-05-09 00:37:49,1.62112,1.62141
1802,2023-05-09 00:37:51,1.6211,1.6213899999999999
1803,2023-05-09 00:37:52,1.6210900000000001,1.6213799999999998
1805,2023-05-09 00:37:53,1.6210900000000001,1.62138
1806,2023-05-09 00:37:59,1.621035,1.6213250000000001
1808,2023-05-09 00:38:00,1.6210200000000001,1.62131
1809,2023-05-09 00:38:01,1.62107,1.62136
1811,2023-05-09 00:38:02,1.621115,1.621405
1813,2023-05-09 00:38:03,1.62112,1.62141
1814,2023-05-09 00:38:05,1.621135,1.6214250000000001
1816,2023-05-09 00:38:07,1.62113,1.62142
1817,2023-05-09 00:38:08,1.62114,1.6214300000000001
1818,2023-05-09 00:38:09,1.62115,1.62144
1819,2023-05-09 00:38:10,1.62113,1.62142
1820,2023-05-09 00:38:13,1.62114,1.6214300000000001
1821,2023-05-09 00:38:14,1.6211,1.6213899999999999
1822,2023-05-09 00:38:15,1.62104,1.62133
1823,2023-05-09 00:38:16,1.6210499999999999,1.62134
1824,2023-05-09 00:38:17,1.62106,1.62135
1825,2023-05-09 00:38:23,1.62107,1.6213600000000001
1826,2023-05-09 00:38:25,1.6210499999999999,1.62134
1827,2023-05-09 00:38:27,1.62104,1.62133
1828,2023-05-09 00:38:28,1.621015,1.621305
1830,2023-05-09 00:38:29,1.621,1.6212900000000001
1832,2023-05-09 00:38:31,1.6209799999999999,1.62127
1833,2023-05-09 00:38:32,1.62099,1.62128
1834,2023-05-09 00:38:35,1.6209799999999999,1.62127
1835,2023-05-09 00:38:37,1.621,1.6212900000000001
1836,2023-05-09 00:38:40,1.62099,1.62128
1837,2023-05-09 00:38:50,1.621,1.6212900000000001
1838,2023-05-09 00:38:52,1.6210300000000002,1.6213199999999999
1840,2023-05-09 00:38:55,1.62107,1.6213600000000001
1841,2023-05-09 00:38:57,1.62106,1.62135
1842,2023-05-09 00:38:59,1.62104,1.62133
1843,2023-05-09 00:39:00,1.62104,1.62133
1844,2023-05-09 00:39:03,1.62106,1.62135
1845,2023-05-09 00:39:04,1.62107,1.6213600000000001
1846,2023-05-09 00:39:05,1.6210499999999999,1.62134
1847,2023-05-09 00:39:07,1.621065,1.621355
1849,2023-05-09 00:39:09,1.62108,1.62137
1850,2023-05-09 00:39:11,1.62107,1.6213600000000001
1851,2023-05-09 00:39:13,1.62106,1.62135
1852,2023-05-09 00:39:19,1.62107,1.6213600000000001
1853,2023-05-09 00:39:20,1.6210499999999999,1.62134
1854,2023-05-09 00:39:22,1.6210499999999999,1.62134
1856,2023-05-09 00:39:25,1.62097,1.62126
1857,2023-05-09 00:39:26,1.62094,1.62123
1858,2023-05-09 00:39:29,1.62093,1.62122
1859,2023-05-09 00:39:30,1.621,1.6212900000000001
1860,2023-05-09 00:39:32,1.62103,1.6213199999999999
1861,2023-05-09 00:39:33,1.62101,1.6213
1862,2023-05-09 00:39:34,1.62103,1.6213199999999999
1863,2023-05-09 00:39:38,1.621,1.6212900000000001
1864,2023-05-09 00:39:40,1.6209850000000001,1.621275
1866,2023-05-09 00:39:43,1.62099,1.62128
1867,2023-05-09 00:39:50,1.6209500000000001,1.62124
1868,2023-05-09 00:39:52,1.62093,1.62122
1869,2023-05-09 00:39:55,1.620895,1.6211849999999999
1873,2023-05-09 00:39:56,1.6209,1.62119
1874,2023-05-09 00:39:57,1.6209099999999999,1.6212
1875,2023-05-09 00:39:59,1.62092,1.62121
1876,2023-05-09 00:40:00,1.62092,1.62121
1877,2023-05-09 00:40:03,1.62097,1.62126
1880,2023-05-09 00:40:04,1.621005,1.621295
1884,2023-05-09 00:40:08,1.62096,1.6212499999999999
1885,2023-05-09 00:40:09,1.621,1.6212900000000001
1886,2023-05-09 00:40:10,1.621045,1.621335
1888,2023-05-09 00:40:11,1.6210550000000001,1.621345
1892,2023-05-09 00:40:13,1.62106,1.62135
1894,2023-05-09 00:40:16,1.62107,1.6213600000000001
1895,2023-05-09 00:40:19,1.62108,1.62137
1896,2023-05-09 00:40:21,1.62107,1.6213600000000001
1897,2023-05-09 00:40:24,1.62104,1.62133
1898,2023-05-09 00:40:25,1.6210499999999999,1.62134
1900,2023-05-09 00:40:26,1.621075,1.621365
1902,2023-05-09 00:40:29,1.62107,1.6213600000000001
1903,2023-05-09 00:40:30,1.621065,1.621355
1905,2023-05-09 00:40:31,1.621095,1.621385
1907,2023-05-09 00:40:32,1.62107,1.6213600000000001
1908,2023-05-09 00:40:33,1.6211000000000002,1.6213899999999999
1910,2023-05-09 00:40:35,1.6210900000000001,1.62138
1911,2023-05-09 00:40:37,1.62104,1.62133
1912,2023-05-09 00:40:38,1.62101,1.6213
1915,2023-05-09 00:40:41,1.62099,1.62128
1916,2023-05-09 00:40:45,1.62101,1.6213
1917,2023-05-09 00:40:46,1.620995,1.621285
1919,2023-05-09 00:40:49,1.62103,1.6213199999999999
1920,2023-05-09 00:40:50,1.6210149999999999,1.621305
1922,2023-05-09 00:40:51,1.6209850000000001,1.621275
1924,2023-05-09 00:40:52,1.62104,1.62133
1925,2023-05-09 00:40:53,1.621,1.6212900000000001
1926,2023-05-09 00:40:56,1.62101,1.6213
1927,2023-05-09 00:41:00,1.6211,1.6213899999999999
1928,2023-05-09 00:41:03,1.62112,1.62141
1929,2023-05-09 00:41:06,1.62111,1.6214
1930,2023-05-09 00:41:09,1.621075,1.621365
1932,2023-05-09 00:41:11,1.62107,1.6213600000000001
1933,2023-05-09 00:41:12,1.6211,1.6213899999999999
1934,2023-05-09 00:41:16,1.6210900000000001,1.62138
1937,2023-05-09 00:41:17,1.62114,1.6214300000000001
1939,2023-05-09 00:41:18,1.6211600000000002,1.6214499999999998
1940,2023-05-09 00:41:19,1.62115,1.62144
1941,2023-05-09 00:41:20,1.62114,1.62143
1943,2023-05-09 00:41:21,1.62112,1.62141
1945,2023-05-09 00:41:24,1.62111,1.6214
1946,2023-05-09 00:41:27,1.62112,1.62141
1947,2023-05-09 00:41:30,1.62124,1.62153
1948,2023-05-09 00:41:31,1.62122,1.62151
1949,2023-05-09 00:41:32,1.62123,1.6215199999999999
1950,2023-05-09 00:41:34,1.62122,1.62151
1951,2023-05-09 00:41:36,1.62123,1.6215199999999999
1952,2023-05-09 00:41:38,1.6212300000000002,1.6215199999999999
1954,2023-05-09 00:41:40,1.62123,1.6215199999999999
1955,2023-05-09 00:41:42,1.6212,1.62149
1956,2023-05-09 00:41:46,1.62123,1.6215199999999999
1957,2023-05-09 00:41:48,1.62119,1.62148
1958,2023-05-09 00:41:49,1.62117,1.62146
1959,2023-05-09 00:41:50,1.6211600000000002,1.6214499999999998
1960,2023-05-09 00:41:53,1.62114,1.6214300000000001
1961,2023-05-09 00:41:54,1.621155,1.621445
1963,2023-05-09 00:41:57,1.6211600000000002,1.6214499999999998
1964,2023-05-09 00:41:58,1.62114,1.6214300000000001
1965,2023-05-09 00:41:59,1.6211799999999998,1.62147
1966,2023-05-09 00:42:00,1.6212,1.62149
1967,2023-05-09 00:42:01,1.6211600000000002,1.6214499999999998
1968,2023-05-09 00:42:04,1.621165,1.621455
1970,2023-05-09 00:42:05,1.62115,1.62144
1971,2023-05-09 00:42:09,1.62112,1.62141
1972,2023-05-09 00:42:11,1.62114,1.6214300000000001
1973,2023-05-09 00:42:12,1.621135,1.6214250000000001
1975,2023-05-09 00:42:13,1.62111,1.6214
1976,2023-05-09 00:42:14,1.62107,1.6213600000000001
1977,2023-05-09 00:42:16,1.6210900000000001,1.62138
1978,2023-05-09 00:42:17,1.6211,1.6213899999999999
1979,2023-05-09 00:42:18,1.62111,1.6214
1981,2023-05-09 00:42:19,1.62112,1.62141
1982,2023-05-09 00:42:22,1.62112,1.62141
1984,2023-05-09 00:42:27,1.62111,1.6214
1985,2023-05-09 00:42:28,1.6210650000000002,1.6213549999999999
1987,2023-05-09 00:42:31,1.6210200000000001,1.62131
1988,2023-05-09 00:42:32,1.6209799999999999,1.62127
1989,2023-05-09 00:42:33,1.62101,1.6213
1990,2023-05-09 00:42:36,1.6210200000000001,1.62131
1991,2023-05-09 00:42:39,1.62101,1.6213
1992,2023-05-09 00:42:41,1.62099,1.62128
1993,2023-05-09 00:42:43,1.621,1.6212900000000001
1994,2023-05-09 00:42:46,1.62101,1.6213
1995,2023-05-09 00:42:48,1.621,1.6212900000000001
1996,2023-05-09 00:42:50,1.62101,1.6213
1997,2023-05-09 00:42:53,1.6210200000000001,1.62131
1998,2023-05-09 00:42:56,1.62107,1.6213600000000001
1999,2023-05-09 00:42:57,1.621075,1.621365
2001,2023-05-09 00:42:58,1.62107,1.6213600000000001
2003,2023-05-09 00:43:00,1.62108,1.62137
2004,2023-05-09 00:43:01,1.6210900000000001,1.62138
2005,2023-05-09 00:43:02,1.6210399999999998,1.62133
2007,2023-05-09 00:43:05,1.62101,1.6213
2008,2023-05-09 00:43:07,1.62106,1.62135
2009,2023-05-09 00:43:08,1.6210499999999999,1.62134
2010,2023-05-09 00:43:09,1.62106,1.62135
2011,2023-05-09 00:43:10,1.6210550000000001,1.621345
2013,2023-05-09 00:43:12,1.6210900000000001,1.62138
2014,2023-05-09 00:43:21,1.62107,1.6213600000000001
2015,2023-05-09 00:43:22,1.621035,1.621325
2017,2023-05-09 00:43:25,1.6210200000000001,1.62131
2018,2023-05-09 00:43:27,1.621,1.6212900000000001
2019,2023-05-09 00:43:28,1.62106,1.62135
2020,2023-05-09 00:43:29,1.62106,1.62135
2023,2023-05-09 00:43:33,1.6210200000000001,1.62131
2024,2023-05-09 00:43:34,1.621065,1.6213549999999999
2026,2023-05-09 00:43:39,1.62111,1.6214
2027,2023-05-09 00:43:44,1.62112,1.62141
2028,2023-05-09 00:43:47,1.6211,1.6213899999999999
2029,2023-05-09 00:43:55,1.62111,1.6214
2030,2023-05-09 00:43:57,1.6211,1.6213899999999999
2031,2023-05-09 00:43:58,1.621075,1.621365
2033,2023-05-09 00:44:00,1.62111,1.6214
2034,2023-05-09 00:44:03,1.62112,1.62141
2036,2023-05-09 00:44:04,1.62112,1.62141
2037,2023-05-09 00:44:07,1.62111,1.6214
2038,2023-05-09 00:44:09,1.6210200000000001,1.6213099999999998
2040,2023-05-09 00:44:10,1.62103,1.6213199999999999
2041,2023-05-09 00:44:14,1.62104,1.62133
2042,2023-05-09 00:44:16,1.621,1.6212900000000001
2043,2023-05-09 00:44:19,1.62101,1.6213
2044,2023-05-09 00:44:24,1.62101,1.6213
2046,2023-05-09 00:44:25,1.621035,1.6213250000000001
2048,2023-05-09 00:44:28,1.62104,1.62133
2049,2023-05-09 00:44:31,1.621015,1.621305
2051,2023-05-09 00:44:32,1.62099,1.62128
2052,2023-05-09 00:44:36,1.62101,1.6213
2053,2023-05-09 00:44:40,1.62099,1.62128
2054,2023-05-09 00:44:41,1.6209799999999999,1.62127
2055,2023-05-09 00:44:42,1.62099,1.62128
2056,2023-05-09 00:44:44,1.620975,1.621265
2058,2023-05-09 00:44:46,1.6210499999999999,1.62134
2059,2023-05-09 00:44:47,1.6210900000000001,1.62138
2060,2023-05-09 00:44:49,1.6210499999999999,1.62134
2062,2023-05-09 00:44:51,1.62099,1.62128
2063,2023-05-09 00:44:52,1.621015,1.621305
2065,2023-05-09 00:44:53,1.620995,1.6212849999999999
2067,2023-05-09 00:44:54,1.62099,1.62128
2068,2023-05-09 00:44:56,1.6209799999999999,1.62127
2069,2023-05-09 00:44:57,1.62101,1.6213
2070,2023-05-09 00:44:59,1.621,1.6212900000000001
2071,2023-05-09 00:45:00,1.62099,1.62128
2074,2023-05-09 00:45:01,1.62101,1.6213
2075,2023-05-09 00:45:03,1.6210200000000001,1.62131
2076,2023-05-09 00:45:06,1.62101,1.6213
2077,2023-05-09 00:45:11,1.6210200000000001,1.62131
2078,2023-05-09 00:45:16,1.62104,1.62133
2079,2023-05-09 00:45:21,1.62101,1.6213
2080,2023-05-09 00:45:26,1.6210499999999999,1.62134
2083,2023-05-09 00:45:28,1.62107,1.6213600000000001
2084,2023-05-09 00:45:30,1.621095,1.621385
2086,2023-05-09 00:45:31,1.62112,1.62141
2087,2023-05-09 00:45:36,1.6211,1.6213899999999999
2088,2023-05-09 00:45:39,1.62113,1.62142
2089,2023-05-09 00:45:43,1.621085,1.621375
2091,2023-05-09 00:45:45,1.6211,1.6213899999999999
2092,2023-05-09 00:45:46,1.62112,1.62141
2093,2023-05-09 00:45:47,1.6210900000000001,1.62138
2094,2023-05-09 00:45:48,1.62113,1.62142
2095,2023-05-09 00:45:49,1.621105,1.6213950000000001
2097,2023-05-09 00:45:51,1.62108,1.62137
2098,2023-05-09 00:45:54,1.621105,1.6213950000000001
2100,2023-05-09 00:45:55,1.6211,1.6213899999999999
2101,2023-05-09 00:45:56,1.62111,1.6214
2102,2023-05-09 00:45:57,1.62114,1.6214300000000001
2103,2023-05-09 00:45:58,1.62111,1.6214
2104,2023-05-09 00:46:00,1.62113,1.62142
2105,2023-05-09 00:46:02,1.6210900000000001,1.62138
2106,2023-05-09 00:46:08,1.6210499999999999,1.62134
2108,2023-05-09 00:46:09,1.62101,1.6213000000000002
2110,2023-05-09 00:46:10,1.62103,1.6213199999999999
2111,2023-05-09 00:46:11,1.621,1.6212900000000001
2112,2023-05-09 00:46:12,1.6209799999999999,1.62127
2115,2023-05-09 00:46:13,1.62096,1.6212499999999999
2116,2023-05-09 00:46:14,1.62099,1.62128
2117,2023-05-09 00:46:15,1.62097,1.62126
2118,2023-05-09 00:46:18,1.62099,1.62128
2119,2023-05-09 00:46:20,1.62101,1.6213
2120,2023-05-09 00:46:23,1.620975,1.621265
2122,2023-05-09 00:46:34,1.62103,1.6213199999999999
2123,2023-05-09 00:46:35,1.62101,1.6213
2124,2023-05-09 00:46:38,1.6209799999999999,1.62127
2125,2023-05-09 00:46:39,1.62101,1.6213
2126,2023-05-09 00:46:41,1.62099,1.62128
2127,2023-05-09 00:46:43,1.621,1.6212900000000001
2128,2023-05-09 00:46:49,1.6210200000000001,1.62131
2129,2023-05-09 00:46:50,1.621,1.6212900000000001
2130,2023-05-09 00:46:52,1.6209799999999999,1.62127
2131,2023-05-09 00:46:53,1.621,1.6212900000000001
2132,2023-05-09 00:46:55,1.6210900000000001,1.6213799999999998
2134,2023-05-09 00:46:56,1.62108,1.62137
2135,2023-05-09 00:46:57,1.6210900000000001,1.62138
2136,2023-05-09 00:46:58,1.62107,1.6213600000000001
2137,2023-05-09 00:47:00,1.62107,1.6213600000000001
2138,2023-05-09 00:47:01,1.621075,1.621365
2140,2023-05-09 00:47:03,1.6210499999999999,1.62134
2141,2023-05-09 00:47:05,1.6210900000000001,1.6213799999999998
2143,2023-05-09 00:47:09,1.62108,1.62137
2144,2023-05-09 00:47:10,1.62111,1.6214
2145,2023-05-09 00:47:11,1.6210900000000001,1.62138
2146,2023-05-09 00:47:12,1.62112,1.62141
2147,2023-05-09 00:47:13,1.62108,1.62137
2148,2023-05-09 00:47:16,1.62108,1.6213700000000002
2150,2023-05-09 00:47:19,1.6210499999999999,1.62134
2151,2023-05-09 00:47:21,1.62103,1.6213199999999999
2152,2023-05-09 00:47:23,1.6210550000000001,1.621345
2154,2023-05-09 00:47:30,1.62118,1.62147
2156,2023-05-09 00:47:31,1.62117,1.62146
2157,2023-05-09 00:47:35,1.62115,1.62144
2158,2023-05-09 00:47:37,1.62117,1.62146
2159,2023-05-09 00:47:38,1.6212,1.62149
2160,2023-05-09 00:47:40,1.62121,1.6215000000000002
2161,2023-05-09 00:47:42,1.62122,1.62151
2162,2023-05-09 00:47:46,1.62121,1.6215000000000002
2163,2023-05-09 00:47:53,1.62122,1.62151
2164,2023-05-09 00:47:56,1.62123,1.6215199999999999
2165,2023-05-09 00:47:57,1.62122,1.62151
2166,2023-05-09 00:47:58,1.62126,1.62155
2167,2023-05-09 00:48:00,1.62126,1.62155
2168,2023-05-09 00:48:01,1.62123,1.62152
2170,2023-05-09 00:48:10,1.6212499999999999,1.62154
2171,2023-05-09 00:48:11,1.6212650000000002,1.6215549999999999
2173,2023-05-09 00:48:13,1.62126,1.62155
2174,2023-05-09 00:48:14,1.621265,1.621555
2176,2023-05-09 00:48:15,1.6213,1.6215899999999999
2179,2023-05-09 00:48:16,1.6213600000000001,1.62165
2180,2023-05-09 00:48:17,1.62138,1.62167
2181,2023-05-09 00:48:18,1.6214,1.62169
2182,2023-05-09 00:48:19,1.6213899999999999,1.62168
2183,2023-05-09 00:48:20,1.62144,1.62173
2186,2023-05-09 00:48:22,1.6213950000000001,1.621685
2188,2023-05-09 00:48:25,1.62142,1.62171
2189,2023-05-09 00:48:26,1.6214499999999998,1.62174
2190,2023-05-09 00:48:27,1.621435,1.621725
2192,2023-05-09 00:48:28,1.62147,1.62176
2193,2023-05-09 00:48:29,1.62147,1.62176
2196,2023-05-09 00:48:30,1.62148,1.6217700000000002
2197,2023-05-09 00:48:31,1.621485,1.621775
2199,2023-05-09 00:48:32,1.621505,1.6217949999999999
2201,2023-05-09 00:48:33,1.621565,1.621855
2203,2023-05-09 00:48:36,1.62157,1.6218599999999999
2204,2023-05-09 00:48:37,1.62155,1.62184
2205,2023-05-09 00:48:39,1.62158,1.62187
2206,2023-05-09 00:48:42,1.6215600000000001,1.62185
2207,2023-05-09 00:48:44,1.62155,1.62184
2208,2023-05-09 00:48:47,1.6215199999999999,1.62181
2212,2023-05-09 00:48:48,1.6215199999999999,1.62181
2213,2023-05-09 00:48:52,1.621525,1.621815
2215,2023-05-09 00:48:54,1.62149,1.62178
2216,2023-05-09 00:48:57,1.621505,1.6217949999999999
2218,2023-05-09 00:48:58,1.62154,1.62183
2219,2023-05-09 00:48:59,1.62151,1.6218
2220,2023-05-09 00:49:00,1.62154,1.62183
2221,2023-05-09 00:49:02,1.62149,1.62178
2224,2023-05-09 00:49:03,1.6215199999999999,1.62181
2225,2023-05-09 00:49:05,1.62155,1.6218400000000002
2227,2023-05-09 00:49:06,1.6215600000000001,1.62185
2228,2023-05-09 00:49:07,1.62157,1.6218599999999999
2229,2023-05-09 00:49:09,1.6215600000000001,1.62185
2230,2023-05-09 00:49:12,1.62158,1.62187
2231,2023-05-09 00:49:15,1.62157,1.6218599999999999
2232,2023-05-09 00:49:17,1.62157,1.6218599999999999
2235,2023-05-09 00:49:18,1.62157,1.6218599999999999
2236,2023-05-09 00:49:21,1.6215600000000001,1.62185
2237,2023-05-09 00:49:22,1.62158,1.62187
2238,2023-05-09 00:49:26,1.621565,1.621855
2240,2023-05-09 00:49:30,1.62153,1.62182
2241,2023-05-09 00:49:36,1.6215199999999999,1.62181
2244,2023-05-09 00:49:37,1.6215000000000002,1.6217899999999998
2245,2023-05-09 00:49:38,1.621535,1.621825
2247,2023-05-09 00:49:39,1.62151,1.6218
2248,2023-05-09 00:49:41,1.6215000000000002,1.6217899999999998
2249,2023-05-09 00:49:42,1.62149,1.62178
2250,2023-05-09 00:49:43,1.62146,1.62175
2251,2023-05-09 00:49:44,1.62148,1.6217700000000002
2253,2023-05-09 00:49:46,1.6214499999999998,1.62174
2254,2023-05-09 00:49:47,1.62135,1.62164
2257,2023-05-09 00:49:49,1.621335,1.6216249999999999
2259,2023-05-09 00:49:54,1.62141,1.6217000000000001
2260,2023-05-09 00:49:59,1.62144,1.62173
2263,2023-05-09 00:50:00,1.621425,1.621715
2265,2023-05-09 00:50:05,1.62146,1.62175
2266,2023-05-09 00:50:06,1.62147,1.62176
2267,2023-05-09 00:50:10,1.621465,1.621755
2269,2023-05-09 00:50:11,1.62147,1.62176
2270,2023-05-09 00:50:12,1.62146,1.62175
2271,2023-05-09 00:50:13,1.6214499999999998,1.62174
2272,2023-05-09 00:50:15,1.621435,1.621725
2274,2023-05-09 00:50:16,1.6214300000000001,1.62172
2275,2023-05-09 00:50:17,1.62141,1.6217000000000001
2276,2023-05-09 00:50:18,1.62146,1.62175
2277,2023-05-09 00:50:23,1.62144,1.62173
2278,2023-05-09 00:50:26,1.6214499999999998,1.62174
2279,2023-05-09 00:50:28,1.62142,1.62171
2280,2023-05-09 00:50:29,1.62141,1.6217000000000001
2281,2023-05-09 00:50:30,1.62144,1.62173
2282,2023-05-09 00:50:31,1.6214250000000001,1.621715
2284,2023-05-09 00:50:32,1.6214300000000001,1.62172
2285,2023-05-09 00:50:33,1.62142,1.62171
2288,2023-05-09 00:50:34,1.6213899999999999,1.62168
2289,2023-05-09 00:50:35,1.62146,1.62175
2292,2023-05-09 00:50:39,1.62147,1.62176
2293,2023-05-09 00:50:41,1.6215000000000002,1.6217899999999998
2294,2023-05-09 00:50:43,1.62149,1.62178
2295,2023-05-09 00:50:45,1.62147,1.62176
2296,2023-05-09 00:50:49,1.62149,1.62178
2297,2023-05-09 00:50:51,1.62146,1.62175
2298,2023-05-09 00:50:52,1.621475,1.621765
2300,2023-05-09 00:50:53,1.6215899999999999,1.62188
2303,2023-05-09 00:50:54,1.62167,1.62196
2304,2023-05-09 00:50:58,1.62165,1.62194
2305,2023-05-09 00:51:00,1.6216400000000002,1.6219299999999999
2309,2023-05-09 00:51:01,1.62169,1.62198
2312,2023-05-09 00:51:02,1.62167,1.62196
2313,2023-05-09 00:51:04,1.62167,1.62196
2315,2023-05-09 00:51:08,1.62162,1.62191
2317,2023-05-09 00:51:11,1.6215950000000001,1.621885
2319,2023-05-09 00:51:12,1.6215899999999999,1.62188
2321,2023-05-09 00:51:13,1.62161,1.6219000000000001
2323,2023-05-09 00:51:14,1.621615,1.621905
2325,2023-05-09 00:51:15,1.62162,1.62191
2326,2023-05-09 00:51:17,1.62165,1.62194
2327,2023-05-09 00:51:18,1.6216300000000001,1.62192
2328,2023-05-09 00:51:19,1.62168,1.6219700000000001
2329,2023-05-09 00:51:20,1.62165,1.62194
2330,2023-05-09 00:51:24,1.6216300000000001,1.6219199999999998
2332,2023-05-09 00:51:26,1.62161,1.6219000000000001
2333,2023-05-09 00:51:28,1.62163,1.62192
2335,2023-05-09 00:51:29,1.6216300000000001,1.62192
2336,2023-05-09 00:51:30,1.6216,1.62189
2337,2023-05-09 00:51:31,1.6216300000000001,1.62192
2338,2023-05-09 00:51:33,1.6216599999999999,1.62195
2339,2023-05-09 00:51:36,1.621645,1.6219350000000001
2341,2023-05-09 00:51:37,1.62162,1.62191
2342,2023-05-09 00:51:38,1.6216300000000001,1.62192
2343,2023-05-09 00:51:41,1.621585,1.621875
2345,2023-05-09 00:51:43,1.6216300000000001,1.62192
2346,2023-05-09 00:51:46,1.62165,1.62194
2347,2023-05-09 00:51:47,1.6216599999999999,1.62195
2348,2023-05-09 00:51:50,1.62165,1.62194
2349,2023-05-09 00:51:52,1.62162,1.62191
2350,2023-05-09 00:51:55,1.6216599999999999,1.62195
2351,2023-05-09 00:51:59,1.62167,1.62196
2352,2023-05-09 00:52:00,1.621685,1.621975
2354,2023-05-09 00:52:03,1.62164,1.6219299999999999
2355,2023-05-09 00:52:05,1.6216599999999999,1.62195
2356,2023-05-09 00:52:09,1.621655,1.621945
2358,2023-05-09 00:52:10,1.62165,1.62194
2359,2023-05-09 00:52:12,1.6216599999999999,1.62195
2360,2023-05-09 00:52:20,1.62174,1.62203
2361,2023-05-09 00:52:22,1.6217199999999998,1.62201
2363,2023-05-09 00:52:24,1.621695,1.621985
2365,2023-05-09 00:52:25,1.62171,1.6219999999999999
2366,2023-05-09 00:52:26,1.62172,1.62201
2367,2023-05-09 00:52:27,1.6217100000000002,1.6219999999999999
2369,2023-05-09 00:52:28,1.62176,1.62205
2371,2023-05-09 00:52:29,1.62174,1.62203
2372,2023-05-09 00:52:31,1.62172,1.62201
2373,2023-05-09 00:52:32,1.62173,1.62202
2374,2023-05-09 00:52:33,1.6217700000000002,1.6220599999999998
2375,2023-05-09 00:52:34,1.62174,1.62203
2376,2023-05-09 00:52:36,1.62173,1.62202
2377,2023-05-09 00:52:41,1.62172,1.62201
2378,2023-05-09 00:52:42,1.6217350000000001,1.622025
2380,2023-05-09 00:52:44,1.621745,1.6220350000000001
2382,2023-05-09 00:52:47,1.62178,1.62207
2383,2023-05-09 00:52:50,1.6217700000000002,1.6220599999999998
2384,2023-05-09 00:52:53,1.6217899999999998,1.62208
2385,2023-05-09 00:52:54,1.621755,1.622045
2387,2023-05-09 00:52:55,1.62175,1.6220400000000001
2388,2023-05-09 00:52:59,1.6217700000000002,1.6220599999999998
2389,2023-05-09 00:53:00,1.62175,1.62204
2391,2023-05-09 00:53:03,1.62176,1.62205
2392,2023-05-09 00:53:05,1.621785,1.622075
2394,2023-05-09 00:53:06,1.6217700000000002,1.6220599999999998
2395,2023-05-09 00:53:08,1.6217700000000002,1.6220599999999998
2398,2023-05-09 00:53:10,1.62181,1.6221
2399,2023-05-09 00:53:12,1.621765,1.622055
2401,2023-05-09 00:53:18,1.621745,1.622035
2403,2023-05-09 00:53:20,1.62175,1.6220400000000001
2404,2023-05-09 00:53:23,1.62173,1.62202
2405,2023-05-09 00:53:24,1.6217000000000001,1.62199
2406,2023-05-09 00:53:27,1.62172,1.62201
2407,2023-05-09 00:53:29,1.62171,1.6219999999999999
2408,2023-05-09 00:53:32,1.6217000000000001,1.62199
2409,2023-05-09 00:53:33,1.62173,1.62202
2410,2023-05-09 00:53:34,1.62168,1.6219700000000001
2411,2023-05-09 00:53:35,1.62171,1.6219999999999999
2412,2023-05-09 00:53:42,1.62172,1.62201
2413,2023-05-09 00:53:43,1.621675,1.6219649999999999
2415,2023-05-09 00:53:44,1.62169,1.62198
2416,2023-05-09 00:53:45,1.62167,1.62196
2418,2023-05-09 00:53:48,1.62169,1.62198
2419,2023-05-09 00:53:49,1.62172,1.62201
2420,2023-05-09 00:53:50,1.62169,1.62198
2421,2023-05-09 00:53:51,1.6216599999999999,1.62195
2422,2023-05-09 00:53:54,1.62165,1.62194
2423,2023-05-09 00:53:56,1.62167,1.62196
2424,2023-05-09 00:54:00,1.62161,1.6219000000000001
2425,2023-05-09 00:54:01,1.62164,1.6219299999999999
2426,2023-05-09 00:54:04,1.621635,1.621925
2428,2023-05-09 00:54:05,1.6216,1.62189
2430,2023-05-09 00:54:06,1.621585,1.621875
2432,2023-05-09 00:54:11,1.62158,1.62187
2433,2023-05-09 00:54:16,1.62157,1.6218599999999999
2434,2023-05-09 00:54:19,1.6215600000000001,1.62185
2435,2023-05-09 00:54:20,1.62158,1.62187
2436,2023-05-09 00:54:21,1.6216,1.62189
2437,2023-05-09 00:54:22,1.62158,1.62187
2438,2023-05-09 00:54:23,1.6216,1.62189
2439,2023-05-09 00:54:25,1.62158,1.62187
2440,2023-05-09 00:54:29,1.6216,1.62189
2442,2023-05-09 00:54:30,1.6215799999999998,1.62187
2444,2023-05-09 00:54:32,1.62157,1.6218599999999999
2445,2023-05-09 00:54:33,1.6215600000000001,1.62185
2446,2023-05-09 00:54:34,1.62148,1.62177
2448,2023-05-09 00:54:35,1.62145,1.62174
2450,2023-05-09 00:54:36,1.6214300000000001,1.62172
2453,2023-05-09 00:54:38,1.6213600000000001,1.62165
2454,2023-05-09 00:54:39,1.621385,1.621675
2456,2023-05-09 00:54:41,1.62137,1.6216599999999999
2457,2023-05-09 00:54:42,1.6213600000000001,1.6216499999999998
2459,2023-05-09 00:54:43,1.62133,1.62162
2460,2023-05-09 00:54:44,1.621375,1.6216650000000001
2462,2023-05-09 00:54:45,1.621355,1.621645
2464,2023-05-09 00:54:47,1.62131,1.6216
2468,2023-05-09 00:54:48,1.621345,1.621635
2470,2023-05-09 00:54:49,1.62131,1.6216
2471,2023-05-09 00:54:51,1.6212900000000001,1.62158
2472,2023-05-09 00:54:52,1.621245,1.621535
2474,2023-05-09 00:54:53,1.6212,1.62149
2477,2023-05-09 00:54:54,1.621225,1.621515
2481,2023-05-09 00:54:55,1.6211600000000002,1.6214499999999998
2484,2023-05-09 00:54:56,1.62113,1.62142
2487,2023-05-09 00:54:57,1.62108,1.62137
2489,2023-05-09 00:54:58,1.6210499999999999,1.62134
2491,2023-05-09 00:54:59,1.621025,1.621315
2495,2023-05-09 00:55:00,1.6211799999999998,1.62147
2500,2023-05-09 00:55:01,1.6211550000000001,1.621445
2502,2023-05-09 00:55:02,1.6212900000000001,1.62158
2505,2023-05-09 00:55:03,1.6212900000000001,1.6215799999999998
2509,2023-05-09 00:55:05,1.621215,1.621505
2511,2023-05-09 00:55:06,1.62122,1.62151
2512,2023-05-09 00:55:07,1.62121,1.6215000000000002
2513,2023-05-09 00:55:09,1.62122,1.62151
2514,2023-05-09 00:55:10,1.621255,1.621545
2516,2023-05-09 00:55:12,1.62127,1.6215600000000001
2517,2023-05-09 00:55:13,1.62128,1.6215700000000002
2519,2023-05-09 00:55:16,1.621265,1.621555
2521,2023-05-09 00:55:17,1.6212499999999999,1.62154
2522,2023-05-09 00:55:19,1.62128,1.6215700000000002
2524,2023-05-09 00:55:20,1.621275,1.621565
2526,2023-05-09 00:55:21,1.62124,1.62153
2527,2023-05-09 00:55:23,1.62127,1.6215600000000001
2528,2023-05-09 00:55:24,1.6212900000000001,1.62158
2529,2023-05-09 00:55:26,1.62131,1.6216
2530,2023-05-09 00:55:30,1.6213,1.6215899999999999
2531,2023-05-09 00:55:31,1.6213899999999999,1.62168
2533,2023-05-09 00:55:33,1.6213899999999999,1.62168
2534,2023-05-09 00:55:36,1.62141,1.6217000000000001
2535,2023-05-09 00:55:39,1.62146,1.62175
2537,2023-05-09 00:55:41,1.621535,1.621825
2539,2023-05-09 00:55:42,1.6216,1.62189
2540,2023-05-09 00:55:44,1.62161,1.6219000000000001
2541,2023-05-09 00:55:46,1.6216,1.62189
2542,2023-05-09 00:55:47,1.62162,1.62191
2543,2023-05-09 00:55:48,1.621595,1.621885
2545,2023-05-09 00:55:49,1.621595,1.621885
2547,2023-05-09 00:55:51,1.62164,1.6219299999999999
2548,2023-05-09 00:55:52,1.6216249999999999,1.621915
2550,2023-05-09 00:55:56,1.6216300000000001,1.62192
2551,2023-05-09 00:55:59,1.62164,1.6219299999999999
2552,2023-05-09 00:56:00,1.6216050000000002,1.6218949999999999
2556,2023-05-09 00:56:01,1.621475,1.621765
2558,2023-05-09 00:56:02,1.62146,1.62175
2560,2023-05-09 00:56:03,1.62146,1.62175
2561,2023-05-09 00:56:04,1.62148,1.6217700000000002
2562,2023-05-09 00:56:05,1.62146,1.62175
2563,2023-05-09 00:56:06,1.62148,1.6217700000000002
2564,2023-05-09 00:56:07,1.62146,1.62175
2565,2023-05-09 00:56:10,1.62147,1.62176
2566,2023-05-09 00:56:11,1.62151,1.6218
2567,2023-05-09 00:56:12,1.62147,1.62176
2570,2023-05-09 00:56:13,1.62149,1.62178
2573,2023-05-09 00:56:15,1.62146,1.62175
2574,2023-05-09 00:56:16,1.62144,1.62173
2575,2023-05-09 00:56:17,1.62141,1.6217000000000001
2576,2023-05-09 00:56:18,1.62144,1.62173
2577,2023-05-09 00:56:20,1.62146,1.62175
2578,2023-05-09 00:56:21,1.62144,1.62173
2581,2023-05-09 00:56:24,1.621425,1.621715
2583,2023-05-09 00:56:26,1.6214300000000001,1.6217199999999998
2585,2023-05-09 00:56:27,1.62142,1.62171
2588,2023-05-09 00:56:28,1.621425,1.621715
2590,2023-05-09 00:56:31,1.6214300000000001,1.62172
2591,2023-05-09 00:56:32,1.62141,1.6217000000000001
2592,2023-05-09 00:56:33,1.6213799999999998,1.62167
2594,2023-05-09 00:56:34,1.62141,1.6217000000000001
2595,2023-05-09 00:56:35,1.6213950000000001,1.621685
2597,2023-05-09 00:56:39,1.6213899999999999,1.62168
2598,2023-05-09 00:56:41,1.62138,1.62167
2601,2023-05-09 00:56:42,1.62141,1.6217000000000001
2602,2023-05-09 00:56:43,1.62138,1.62167
2603,2023-05-09 00:56:45,1.62141,1.6217000000000001
2604,2023-05-09 00:56:47,1.62148,1.6217700000000002
2607,2023-05-09 00:56:48,1.6215000000000002,1.6217899999999998
2608,2023-05-09 00:56:51,1.62149,1.62178
2611,2023-05-09 00:56:52,1.62146,1.62175
2612,2023-05-09 00:56:53,1.62147,1.62176
2613,2023-05-09 00:56:54,1.6215000000000002,1.6217899999999998
2614,2023-05-09 00:56:55,1.62153,1.62182
2615,2023-05-09 00:56:59,1.6215000000000002,1.6217899999999998
2616,2023-05-09 00:57:00,1.6215000000000002,1.6217899999999998
2617,2023-05-09 00:57:01,1.62149,1.62178
2618,2023-05-09 00:57:02,1.62153,1.62182
2619,2023-05-09 00:57:03,1.621485,1.621775
2621,2023-05-09 00:57:04,1.621495,1.621785
2623,2023-05-09 00:57:11,1.621495,1.621785
2625,2023-05-09 00:57:13,1.62149,1.62178
2626,2023-05-09 00:57:14,1.62147,1.62176
2627,2023-05-09 00:57:16,1.62148,1.6217700000000002
2628,2023-05-09 00:57:20,1.6215000000000002,1.6217899999999998
2629,2023-05-09 00:57:21,1.62148,1.6217700000000002
2630,2023-05-09 00:57:23,1.6215000000000002,1.6217899999999998
2631,2023-05-09 00:57:24,1.62151,1.6218
2632,2023-05-09 00:57:26,1.621505,1.6217949999999999
2634,2023-05-09 00:57:28,1.6215000000000002,1.6217899999999998
2635,2023-05-09 00:57:29,1.62151,1.6218
2636,2023-05-09 00:57:31,1.6215199999999999,1.62181
2637,2023-05-09 00:57:32,1.6215000000000002,1.6217899999999998
2638,2023-05-09 00:57:34,1.621535,1.6218249999999999
2640,2023-05-09 00:57:35,1.6216,1.62189
2641,2023-05-09 00:57:39,1.6216300000000001,1.62192
2642,2023-05-09 00:57:40,1.6216,1.62189
2643,2023-05-09 00:57:41,1.62162,1.62191
2646,2023-05-09 00:57:47,1.6216300000000001,1.62192
2647,2023-05-09 00:57:48,1.62165,1.62194
2648,2023-05-09 00:57:50,1.6216300000000001,1.62192
2649,2023-05-09 00:57:51,1.62162,1.62191
2650,2023-05-09 00:57:57,1.6216,1.62189
2651,2023-05-09 00:57:58,1.6215899999999999,1.62188
2652,2023-05-09 00:58:00,1.6215899999999999,1.62188
2655,2023-05-09 00:58:01,1.62158,1.62187
2656,2023-05-09 00:58:02,1.6215899999999999,1.62188
2658,2023-05-09 00:58:10,1.6215600000000001,1.62185
2659,2023-05-09 00:58:11,1.621575,1.6218650000000001
2661,2023-05-09 00:58:18,1.6216300000000001,1.62192
2662,2023-05-09 00:58:19,1.62161,1.6219000000000001
2664,2023-05-09 00:58:21,1.6216300000000001,1.62192
2665,2023-05-09 00:58:22,1.621615,1.621905
2667,2023-05-09 00:58:24,1.6216300000000001,1.62192
2668,2023-05-09 00:58:26,1.62162,1.62191
2670,2023-05-09 00:58:27,1.62162,1.62191
2671,2023-05-09 00:58:30,1.62164,1.6219299999999999
2672,2023-05-09 00:58:32,1.6216,1.62189
2675,2023-05-09 00:58:36,1.621715,1.622005
2677,2023-05-09 00:58:37,1.621755,1.622045
2679,2023-05-09 00:58:39,1.62176,1.62205
2681,2023-05-09 00:58:41,1.6217700000000002,1.6220599999999998
2682,2023-05-09 00:58:42,1.62181,1.6221
2683,2023-05-09 00:58:45,1.62182,1.6221100000000002
2684,2023-05-09 00:58:48,1.62183,1.62212
2685,2023-05-09 00:58:49,1.621855,1.622145
2687,2023-05-09 00:58:51,1.621805,1.622095
2689,2023-05-09 00:58:52,1.62183,1.62212
2690,2023-05-09 00:58:53,1.6218599999999999,1.62215
2691,2023-05-09 00:58:54,1.62184,1.6221299999999998
2692,2023-05-09 00:58:59,1.621865,1.622155
2694,2023-05-09 00:59:00,1.62189,1.62218
2695,2023-05-09 00:59:03,1.62187,1.62216
2696,2023-05-09 00:59:06,1.6218599999999999,1.62215
2697,2023-05-09 00:59:07,1.62182,1.6221100000000002
2699,2023-05-09 00:59:13,1.62183,1.62212
2700,2023-05-09 00:59:15,1.62182,1.6221100000000002
2701,2023-05-09 00:59:17,1.62182,1.6221100000000002
2703,2023-05-09 00:59:21,1.62187,1.62216
2704,2023-05-09 00:59:23,1.62185,1.62214
2705,2023-05-09 00:59:27,1.62184,1.6221299999999998
2706,2023-05-09 00:59:29,1.62185,1.62214
2707,2023-05-09 00:59:31,1.6218599999999999,1.62215
2708,2023-05-09 00:59:33,1.62187,1.62216
2709,2023-05-09 00:59:34,1.6218599999999999,1.62215
2710,2023-05-09 00:59:37,1.62185,1.62214
2713,2023-05-09 00:59:38,1.621855,1.622145
2715,2023-05-09 00:59:40,1.62187,1.62216
2716,2023-05-09 00:59:41,1.62185,1.62214
2717,2023-05-09 00:59:42,1.62188,1.6221700000000001
2718,2023-05-09 00:59:44,1.6218599999999999,1.62215
2719,2023-05-09 00:59:45,1.62183,1.62212
2721,2023-05-09 00:59:47,1.62185,1.62214
2722,2023-05-09 00:59:49,1.62187,1.62216
2723,2023-05-09 00:59:51,1.621895,1.622185
2725,2023-05-09 00:59:53,1.62189,1.62218
2726,2023-05-09 00:59:57,1.621885,1.622175
2728,2023-05-09 00:59:59,1.6219000000000001,1.62219
2729,2023-05-09 01:00:00,1.62192,1.62221
2732,2023-05-09 01:00:01,1.621935,1.622225
2734,2023-05-09 01:00:02,1.62195,1.6222400000000001
2735,2023-05-09 01:00:06,1.62196,1.62225
2736,2023-05-09 01:00:07,1.62194,1.62223
2737,2023-05-09 01:00:12,1.62192,1.62221
2738,2023-05-09 01:00:14,1.62191,1.6221999999999999
2739,2023-05-09 01:00:16,1.62192,1.62221
2740,2023-05-09 01:00:17,1.6219299999999999,1.62222
2741,2023-05-09 01:00:18,1.62187,1.62216
2742,2023-05-09 01:00:19,1.62189,1.62218
2743,2023-05-09 01:00:20,1.621905,1.622195
2745,2023-05-09 01:00:21,1.621915,1.6222050000000001
2747,2023-05-09 01:00:22,1.62191,1.6221999999999999
2748,2023-05-09 01:00:23,1.62188,1.6221700000000001
2749,2023-05-09 01:00:27,1.6218599999999999,1.62215
2750,2023-05-09 01:00:28,1.6219000000000001,1.62219
2753,2023-05-09 01:00:31,1.6219299999999999,1.62222
2754,2023-05-09 01:00:32,1.6219000000000001,1.6221899999999998
2756,2023-05-09 01:00:33,1.6219299999999999,1.62222
2757,2023-05-09 01:00:36,1.62196,1.62225
2758,2023-05-09 01:00:38,1.62192,1.62221
2759,2023-05-09 01:00:40,1.62189,1.62218
2760,2023-05-09 01:00:53,1.6218599999999999,1.62215
2761,2023-05-09 01:00:55,1.62185,1.62214
2762,2023-05-09 01:00:56,1.62183,1.62212
2763,2023-05-09 01:01:00,1.62182,1.6221100000000002
2765,2023-05-09 01:01:03,1.62183,1.62212
2766,2023-05-09 01:01:04,1.62178,1.62207
2767,2023-05-09 01:01:06,1.6217899999999998,1.62208
2768,2023-05-09 01:01:10,1.62178,1.62207
2769,2023-05-09 01:01:11,1.62176,1.62205
2771,2023-05-09 01:01:13,1.62171,1.6219999999999999
2772,2023-05-09 01:01:16,1.6217549999999998,1.622045
2774,2023-05-09 01:01:18,1.621785,1.6220750000000002
2776,2023-05-09 01:01:19,1.621785,1.622075
2778,2023-05-09 01:01:22,1.62178,1.62207
2779,2023-05-09 01:01:24,1.6218,1.62209
2781,2023-05-09 01:01:25,1.62178,1.62207
2782,2023-05-09 01:01:26,1.6217700000000002,1.6220599999999998
2783,2023-05-09 01:01:28,1.62178,1.62207
2784,2023-05-09 01:01:31,1.62173,1.62202
2787,2023-05-09 01:01:38,1.6217100000000002,1.6219999999999999
2789,2023-05-09 01:01:39,1.62171,1.6219999999999999
2790,2023-05-09 01:01:40,1.62172,1.62201
2791,2023-05-09 01:01:42,1.62171,1.6219999999999999
2792,2023-05-09 01:01:45,1.62172,1.62201
2793,2023-05-09 01:01:48,1.62173,1.62202
2794,2023-05-09 01:01:49,1.621675,1.6219649999999999
2796,2023-05-09 01:01:50,1.62167,1.62196
2798,2023-05-09 01:01:52,1.62171,1.6219999999999999
2799,2023-05-09 01:01:57,1.6217000000000001,1.62199
2800,2023-05-09 01:01:58,1.62171,1.6219999999999999
2801,2023-05-09 01:02:00,1.6216949999999999,1.621985
2803,2023-05-09 01:02:01,1.62164,1.6219299999999999
2804,2023-05-09 01:02:02,1.6215899999999999,1.62188
2805,2023-05-09 01:02:03,1.62158,1.62187
2806,2023-05-09 01:02:05,1.62157,1.6218599999999999
2807,2023-05-09 01:02:08,1.62158,1.62187
2808,2023-05-09 01:02:12,1.6215899999999999,1.62188
2809,2023-05-09 01:02:13,1.62157,1.6218599999999999
2810,2023-05-09 01:02:14,1.62158,1.62187
2813,2023-05-09 01:02:17,1.621545,1.621835
2815,2023-05-09 01:02:18,1.62158,1.62187
2816,2023-05-09 01:02:25,1.6216400000000002,1.6219299999999999
2818,2023-05-09 01:02:26,1.62168,1.6219700000000001
2819,2023-05-09 01:02:28,1.62169,1.62198
2822,2023-05-09 01:02:29,1.6216599999999999,1.62195
2823,2023-05-09 01:02:37,1.62169,1.62198
2824,2023-05-09 01:02:39,1.62167,1.62196
2825,2023-05-09 01:02:41,1.6217000000000001,1.62199
2826,2023-05-09 01:02:43,1.62167,1.62196
2827,2023-05-09 01:02:47,1.62165,1.62194
2828,2023-05-09 01:02:50,1.62168,1.6219700000000001
2829,2023-05-09 01:02:52,1.6216599999999999,1.62195
2830,2023-05-09 01:03:01,1.6216599999999999,1.62195
2831,2023-05-09 01:03:02,1.62169,1.62198
2832,2023-05-09 01:03:06,1.62167,1.62196
2833,2023-05-09 01:03:09,1.621685,1.621975
2835,2023-05-09 01:03:11,1.62168,1.6219700000000001
2836,2023-05-09 01:03:15,1.6216599999999999,1.62195
2837,2023-05-09 01:03:16,1.62168,1.6219700000000001
2838,2023-05-09 01:03:19,1.62164,1.6219299999999999
2839,2023-05-09 01:03:25,1.62165,1.62194
2840,2023-05-09 01:03:27,1.621685,1.621975
2842,2023-05-09 01:03:28,1.62169,1.62198
2843,2023-05-09 01:03:29,1.62165,1.62194
2846,2023-05-09 01:03:30,1.62162,1.62191
2847,2023-05-09 01:03:32,1.6216300000000001,1.62192
2848,2023-05-09 01:03:35,1.62162,1.62191
2849,2023-05-09 01:03:37,1.62162,1.6219100000000002
2851,2023-05-09 01:03:40,1.62164,1.6219299999999999
2852,2023-05-09 01:03:41,1.62165,1.62194
2853,2023-05-09 01:03:44,1.6216300000000001,1.62192
2854,2023-05-09 01:03:47,1.621655,1.621945
2856,2023-05-09 01:03:48,1.62169,1.62198
2857,2023-05-09 01:03:49,1.621675,1.6219649999999999
2859,2023-05-09 01:03:51,1.6217000000000001,1.62199
2860,2023-05-09 01:03:53,1.62168,1.6219700000000001
2861,2023-05-09 01:03:54,1.6217000000000001,1.62199
2862,2023-05-09 01:04:00,1.621645,1.621935
2864,2023-05-09 01:04:02,1.621615,1.621905
2866,2023-05-09 01:04:03,1.6216599999999999,1.62195
2867,2023-05-09 01:04:04,1.62167,1.62196
2869,2023-05-09 01:04:05,1.6216599999999999,1.62195
2870,2023-05-09 01:04:06,1.62168,1.6219700000000001
2872,2023-05-09 01:04:07,1.6216599999999999,1.62195
2873,2023-05-09 01:04:09,1.621655,1.621945
2875,2023-05-09 01:04:12,1.62164,1.6219299999999999
2876,2023-05-09 01:04:13,1.6217000000000001,1.6219899999999998
2878,2023-05-09 01:04:14,1.62168,1.6219700000000001
2879,2023-05-09 01:04:16,1.62162,1.62191
2880,2023-05-09 01:04:21,1.62161,1.6219000000000001
2882,2023-05-09 01:04:22,1.62161,1.6219000000000001
2883,2023-05-09 01:04:23,1.6216,1.62189
2884,2023-05-09 01:04:26,1.62155,1.6218400000000002
2886,2023-05-09 01:04:29,1.6215600000000001,1.62185
2887,2023-05-09 01:04:34,1.62157,1.6218599999999999
2888,2023-05-09 01:04:35,1.621585,1.621875
2890,2023-05-09 01:04:38,1.62158,1.62187
2891,2023-05-09 01:04:40,1.6215899999999999,1.62188
2892,2023-05-09 01:04:41,1.62155,1.62184
2893,2023-05-09 01:04:44,1.62149,1.62178
2895,2023-05-09 01:04:45,1.6215000000000002,1.6217899999999998
2896,2023-05-09 01:04:48,1.62146,1.62175
2897,2023-05-09 01:04:49,1.62148,1.6217700000000002
2898,2023-05-09 01:04:51,1.62147,1.62176
2899,2023-05-09 01:04:52,1.62149,1.62178
2900,2023-05-09 01:04:53,1.6215000000000002,1.6217899999999998
2901,2023-05-09 01:04:54,1.621505,1.621795
2903,2023-05-09 01:04:55,1.62151,1.6218
2904,2023-05-09 01:04:59,1.62155,1.62184
2905,2023-05-09 01:05:02,1.62155,1.62184
2906,2023-05-09 01:05:07,1.6215899999999999,1.62188
2907,2023-05-09 01:05:08,1.62162,1.6219100000000002
2909,2023-05-09 01:05:09,1.6216300000000001,1.62192
2910,2023-05-09 01:05:10,1.62164,1.6219299999999999
2911,2023-05-09 01:05:11,1.62162,1.62191
2912,2023-05-09 01:05:15,1.621605,1.621895
2914,2023-05-09 01:05:16,1.621575,1.6218650000000001
2916,2023-05-09 01:05:17,1.621575,1.6218650000000001
2918,2023-05-09 01:05:18,1.6215600000000001,1.62185
2919,2023-05-09 01:05:19,1.621535,1.6218249999999999
2921,2023-05-09 01:05:20,1.62153,1.62182
2922,2023-05-09 01:05:22,1.62154,1.62183
2924,2023-05-09 01:05:27,1.62155,1.62184
2925,2023-05-09 01:05:28,1.62153,1.62182
2926,2023-05-09 01:05:30,1.6215600000000001,1.62185
2927,2023-05-09 01:05:32,1.62153,1.62182
2928,2023-05-09 01:05:37,1.62155,1.62184
2929,2023-05-09 01:05:40,1.6215199999999999,1.62181
2930,2023-05-09 01:05:42,1.62154,1.62183
2931,2023-05-09 01:05:43,1.621515,1.621805
2933,2023-05-09 01:05:44,1.62151,1.6218
2936,2023-05-09 01:05:45,1.62151,1.6218
2938,2023-05-09 01:05:48,1.62146,1.62175
2940,2023-05-09 01:05:50,1.62144,1.62173
2941,2023-05-09 01:05:59,1.62147,1.62176
2942,2023-05-09 01:06:00,1.62148,1.6217700000000002
2945,2023-05-09 01:06:01,1.6215000000000002,1.6217899999999998
2946,2023-05-09 01:06:03,1.62149,1.62178
2948,2023-05-09 01:06:06,1.62148,1.6217700000000002
2949,2023-05-09 01:06:07,1.62148,1.6217700000000002
2952,2023-05-09 01:06:08,1.62148,1.6217700000000002
2953,2023-05-09 01:06:11,1.6215000000000002,1.6217899999999998
2954,2023-05-09 01:06:13,1.62148,1.6217700000000002
2955,2023-05-09 01:06:20,1.6214549999999999,1.621745
2957,2023-05-09 01:06:21,1.62146,1.62175
2958,2023-05-09 01:06:23,1.62147,1.62176
2959,2023-05-09 01:06:24,1.62149,1.62178
2960,2023-05-09 01:06:25,1.62146,1.62175
2961,2023-05-09 01:06:27,1.62153,1.62182
2963,2023-05-09 01:06:30,1.62153,1.62182
2966,2023-05-09 01:06:33,1.6216,1.62189
2969,2023-05-09 01:06:36,1.6216300000000001,1.62192
2972,2023-05-09 01:06:37,1.6216599999999999,1.62195
2973,2023-05-09 01:06:40,1.62167,1.62196
2974,2023-05-09 01:06:47,1.6216599999999999,1.62195
2975,2023-05-09 01:06:53,1.62167,1.62196
2976,2023-05-09 01:06:54,1.62165,1.62194
2977,2023-05-09 01:06:55,1.62167,1.62196
2978,2023-05-09 01:07:00,1.621645,1.621935
2980,2023-05-09 01:07:02,1.62165,1.62194
2981,2023-05-09 01:07:04,1.6216400000000002,1.6219299999999999
2983,2023-05-09 01:07:05,1.62162,1.62191
2984,2023-05-09 01:07:07,1.62165,1.62194
2985,2023-05-09 01:07:12,1.6216300000000001,1.62192
2986,2023-05-09 01:07:13,1.62164,1.6219299999999999
2987,2023-05-09 01:07:14,1.62171,1.6219999999999999
2988,2023-05-09 01:07:17,1.6217650000000001,1.622055
2990,2023-05-09 01:07:19,1.621845,1.6221349999999999
2992,2023-05-09 01:07:20,1.62188,1.6221700000000001
2993,2023-05-09 01:07:21,1.62187,1.62216
2994,2023-05-09 01:07:24,1.62178,1.62207
2995,2023-05-09 01:07:27,1.6217700000000002,1.6220599999999998
2996,2023-05-09 01:07:28,1.62173,1.62202
2997,2023-05-09 01:07:30,1.62175,1.6220400000000001
2998,2023-05-09 01:07:33,1.6217650000000001,1.622055
3000,2023-05-09 01:07:34,1.62175,1.6220400000000001
3001,2023-05-09 01:07:35,1.62174,1.62203
3002,2023-05-09 01:07:39,1.62175,1.6220400000000001
3003,2023-05-09 01:07:40,1.62174,1.62203
3004,2023-05-09 01:07:45,1.62176,1.62205
3005,2023-05-09 01:07:46,1.62174,1.62203
3006,2023-05-09 01:07:49,1.6217700000000002,1.6220599999999998
3007,2023-05-09 01:07:51,1.62175,1.62204
3009,2023-05-09 01:07:53,1.62174,1.62203
3010,2023-05-09 01:07:54,1.621755,1.622045
3012,2023-05-09 01:07:57,1.62176,1.62205
3015,2023-05-09 01:07:59,1.62178,1.62207
3016,2023-05-09 01:08:00,1.62178,1.62207
3017,2023-05-09 01:08:01,1.62184,1.6221299999999998
3018,2023-05-09 01:08:02,1.62185,1.62214
3019,2023-05-09 01:08:06,1.6218599999999999,1.62215
3021,2023-05-09 01:08:08,1.6219000000000001,1.62219
3022,2023-05-09 01:08:11,1.62192,1.62221
3023,2023-05-09 01:08:14,1.6219999999999999,1.62229
3024,2023-05-09 01:08:16,1.62199,1.62228
3025,2023-05-09 01:08:17,1.62202,1.6223100000000001
3027,2023-05-09 01:08:20,1.62201,1.6223
3029,2023-05-09 01:08:21,1.6219999999999999,1.62229
3030,2023-05-09 01:08:22,1.62202,1.6223100000000001
3031,2023-05-09 01:08:28,1.62203,1.62232
3032,2023-05-09 01:08:30,1.622165,1.622455
3034,2023-05-09 01:08:31,1.6221299999999998,1.62242
3035,2023-05-09 01:08:32,1.62214,1.62243
3037,2023-05-09 01:08:33,1.6221,1.62239
3038,2023-05-09 01:08:35,1.6221100000000002,1.6223999999999998
3039,2023-05-09 01:08:41,1.6221299999999998,1.62242
3040,2023-05-09 01:08:42,1.62216,1.62245
3041,2023-05-09 01:08:43,1.62214,1.62243
3043,2023-05-09 01:08:44,1.62214,1.62243
3044,2023-05-09 01:08:47,1.622155,1.622445
3046,2023-05-09 01:08:48,1.62215,1.62244
3047,2023-05-09 01:08:50,1.62214,1.62243
3048,2023-05-09 01:08:55,1.6221100000000002,1.6223999999999998
3049,2023-05-09 01:08:57,1.6221299999999998,1.62242
3050,2023-05-09 01:08:58,1.62215,1.62244
3052,2023-05-09 01:08:59,1.6221700000000001,1.6224599999999998
3054,2023-05-09 01:09:00,1.62215,1.62244
3057,2023-05-09 01:09:03,1.62214,1.62243
3060,2023-05-09 01:09:06,1.622125,1.622415
3062,2023-05-09 01:09:07,1.62212,1.62241
3063,2023-05-09 01:09:09,1.6221,1.62239
3066,2023-05-09 01:09:10,1.62195,1.6222400000000001
3068,2023-05-09 01:09:13,1.62192,1.62221
3069,2023-05-09 01:09:15,1.62191,1.6221999999999999
3070,2023-05-09 01:09:21,1.6218599999999999,1.62215
3073,2023-05-09 01:09:22,1.62181,1.6221
3074,2023-05-09 01:09:23,1.62184,1.6221299999999998
3075,2023-05-09 01:09:24,1.62181,1.6221
3076,2023-05-09 01:09:27,1.621835,1.622125
3078,2023-05-09 01:09:31,1.6218,1.62209
3079,2023-05-09 01:09:33,1.62182,1.6221100000000002
3080,2023-05-09 01:09:35,1.62181,1.6221
3081,2023-05-09 01:09:36,1.62184,1.6221299999999998
3082,2023-05-09 01:09:39,1.62181,1.6221
3083,2023-05-09 01:09:41,1.6218,1.62209
3084,2023-05-09 01:09:44,1.62182,1.6221100000000002
3085,2023-05-09 01:09:46,1.62181,1.6221
3086,2023-05-09 01:09:49,1.6217899999999998,1.62208
3087,2023-05-09 01:09:52,1.6218,1.62209
3088,2023-05-09 01:09:55,1.6217899999999998,1.62208
3089,2023-05-09 01:09:58,1.62176,1.62205
3090,2023-05-09 01:09:59,1.62175,1.6220400000000001
3091,2023-05-09 01:10:00,1.62175,1.6220400000000001
3092,2023-05-09 01:10:02,1.6218,1.62209
3095,2023-05-09 01:10:04,1.62183,1.62212
3096,2023-05-09 01:10:06,1.62182,1.6221100000000002
3097,2023-05-09 01:10:08,1.62183,1.62212
3098,2023-05-09 01:10:11,1.62175,1.6220400000000001
3099,2023-05-09 01:10:12,1.62174,1.62203
3100,2023-05-09 01:10:13,1.62171,1.6219999999999999
3101,2023-05-09 01:10:14,1.62173,1.62202
3102,2023-05-09 01:10:15,1.62174,1.62203
3103,2023-05-09 01:10:19,1.62183,1.62212
3106,2023-05-09 01:10:20,1.6219299999999999,1.62222
3109,2023-05-09 01:10:22,1.62194,1.62223
3110,2023-05-09 01:10:24,1.6219700000000001,1.62226
3111,2023-05-09 01:10:26,1.62195,1.6222400000000001
3112,2023-05-09 01:10:27,1.62194,1.62223
3113,2023-05-09 01:10:29,1.62189,1.62218
3114,2023-05-09 01:10:31,1.6219000000000001,1.62219
3115,2023-05-09 01:10:33,1.62189,1.62218
3116,2023-05-09 01:10:34,1.6218949999999999,1.622185
3118,2023-05-09 01:10:35,1.621885,1.622175
3120,2023-05-09 01:10:37,1.62192,1.62221
3123,2023-05-09 01:10:39,1.62192,1.62221
3124,2023-05-09 01:10:40,1.6219299999999999,1.62222
3125,2023-05-09 01:10:43,1.62195,1.6222400000000001
3126,2023-05-09 01:10:45,1.62194,1.62223
3127,2023-05-09 01:10:47,1.6219700000000001,1.62226
3128,2023-05-09 01:10:48,1.62194,1.62223
3129,2023-05-09 01:10:50,1.621885,1.622175
3131,2023-05-09 01:10:52,1.6218949999999999,1.622185
3133,2023-05-09 01:10:55,1.6219000000000001,1.62219
3134,2023-05-09 01:10:56,1.6219000000000001,1.62219
3136,2023-05-09 01:11:00,1.62188,1.6221700000000001
3137,2023-05-09 01:11:01,1.62189,1.62218
3138,2023-05-09 01:11:03,1.62188,1.6221700000000001
3139,2023-05-09 01:11:04,1.62191,1.6221999999999999
3140,2023-05-09 01:11:06,1.6218599999999999,1.62215
3142,2023-05-09 01:11:08,1.62188,1.6221700000000001
3143,2023-05-09 01:11:09,1.62187,1.62216
3144,2023-05-09 01:11:10,1.621905,1.622195
3146,2023-05-09 01:11:13,1.62191,1.6221999999999999
3147,2023-05-09 01:11:17,1.62189,1.62218
3148,2023-05-09 01:11:20,1.6219000000000001,1.62219
3149,2023-05-09 01:11:21,1.62188,1.6221700000000001
3150,2023-05-09 01:11:22,1.62184,1.6221299999999998
3151,2023-05-09 01:11:28,1.62185,1.62214
3152,2023-05-09 01:11:32,1.6218599999999999,1.62215
3153,2023-05-09 01:11:34,1.62182,1.6221100000000002
3154,2023-05-09 01:11:40,1.62184,1.6221299999999998
3155,2023-05-09 01:11:42,1.62195,1.6222400000000001
3156,2023-05-09 01:11:46,1.62196,1.62225
3157,2023-05-09 01:11:47,1.62198,1.6222699999999999
3158,2023-05-09 01:11:49,1.6219700000000001,1.62226
3161,2023-05-09 01:11:50,1.62195,1.6222400000000001
3163,2023-05-09 01:11:56,1.62192,1.62221
3164,2023-05-09 01:11:59,1.62194,1.62223
3165,2023-05-09 01:12:01,1.6219299999999999,1.62222
3167,2023-05-09 01:12:02,1.62184,1.6221299999999998
3170,2023-05-09 01:12:04,1.621815,1.6221050000000001
3172,2023-05-09 01:12:06,1.6218599999999999,1.62215
3173,2023-05-09 01:12:07,1.62188,1.6221700000000001
3174,2023-05-09 01:12:08,1.62185,1.62214
3175,2023-05-09 01:12:11,1.62174,1.62203
3176,2023-05-09 01:12:18,1.62172,1.62201
3177,2023-05-09 01:12:20,1.62171,1.6219999999999999
3178,2023-05-09 01:12:21,1.6217000000000001,1.62199
3179,2023-05-09 01:12:22,1.62172,1.62201
3180,2023-05-09 01:12:23,1.62171,1.6219999999999999
3181,2023-05-09 01:12:24,1.6217000000000001,1.62199
3182,2023-05-09 01:12:27,1.6217000000000001,1.6219899999999998
3184,2023-05-09 01:12:29,1.6217000000000001,1.62199
3185,2023-05-09 01:12:30,1.62171,1.6219999999999999
3186,2023-05-09 01:12:31,1.6217000000000001,1.62199
3187,2023-05-09 01:12:34,1.62171,1.6219999999999999
3188,2023-05-09 01:12:35,1.621705,1.621995
3190,2023-05-09 01:12:40,1.6217000000000001,1.62199
3191,2023-05-09 01:12:43,1.62167,1.62196
3193,2023-05-09 01:12:44,1.62162,1.62191
3194,2023-05-09 01:12:46,1.621605,1.621895
3196,2023-05-09 01:12:48,1.6215899999999999,1.62188
3197,2023-05-09 01:12:57,1.62158,1.62187
3198,2023-05-09 01:12:58,1.6215899999999999,1.62188
3199,2023-05-09 01:13:00,1.6215899999999999,1.62188
3200,2023-05-09 01:13:01,1.62158,1.62187
3201,2023-05-09 01:13:02,1.6216,1.62189
3203,2023-05-09 01:13:09,1.6216300000000001,1.62192
3204,2023-05-09 01:13:10,1.62161,1.6219000000000001
3207,2023-05-09 01:13:11,1.6216300000000001,1.62192
3208,2023-05-09 01:13:12,1.6216,1.62189
3209,2023-05-09 01:13:14,1.62154,1.62183
