,time,bid,ask
0,2023-05-09 00:00:01,0.97857,0.97877
1,2023-05-09 00:00:02,0.97856,0.97876
2,2023-05-09 00:00:05,0.97855,0.97875
3,2023-05-09 00:00:06,0.978565,0.978765
5,2023-05-09 00:00:08,0.97857,0.97877
6,2023-05-09 00:00:09,0.97859,0.97879
7,2023-05-09 00:00:10,0.9786,0.9788
10,2023-05-09 00:00:11,0.9786,0.9788
11,2023-05-09 00:00:12,0.97857,0.97877
12,2023-05-09 00:00:15,0.97858,0.97878
13,2023-05-09 00:00:16,0.978595,0.9787950000000001
15,2023-05-09 00:00:20,0.97861,0.97881
16,2023-05-09 00:00:21,0.9786,0.9788
17,2023-05-09 00:00:23,0.97859,0.97879
18,2023-05-09 00:00:24,0.978645,0.978845
20,2023-05-09 00:00:25,0.97863,0.97883
23,2023-05-09 00:00:26,0.97864,0.97884
24,2023-05-09 00:00:27,0.97865,0.97885
25,2023-05-09 00:00:30,0.97867,0.97887
28,2023-05-09 00:00:31,0.97869,0.97889
29,2023-05-09 00:00:36,0.97868,0.97888
30,2023-05-09 00:00:38,0.97869,0.97889
31,2023-05-09 00:00:42,0.97864,0.97884
34,2023-05-09 00:00:44,0.978605,0.9788049999999999
36,2023-05-09 00:00:45,0.978615,0.978815
38,2023-05-09 00:00:46,0.9786250000000001,0.9788250000000001
40,2023-05-09 00:00:47,0.9786250000000001,0.9788250000000001
42,2023-05-09 00:00:55,0.978615,0.978815
44,2023-05-09 00:00:57,0.9786250000000001,0.9788250000000001
46,2023-05-09 00:00:58,0.97861,0.97881
47,2023-05-09 00:01:00,0.978615,0.978815
49,2023-05-09 00:01:01,0.97863,0.97883
50,2023-05-09 00:01:02,0.97862,0.97882
53,2023-05-09 00:01:10,0.978615,0.978815
55,2023-05-09 00:01:11,0.9786,0.9788
56,2023-05-09 00:01:12,0.97861,0.97881
57,2023-05-09 00:01:13,0.97862,0.97882
58,2023-05-09 00:01:14,0.97861,0.97881
59,2023-05-09 00:01:15,0.9786,0.9788
60,2023-05-09 00:01:18,0.97861,0.97881
61,2023-05-09 00:01:19,0.9786,0.9788
62,2023-05-09 00:01:20,0.97862,0.97882
63,2023-05-09 00:01:26,0.978615,0.978815
65,2023-05-09 00:01:29,0.97861,0.97881
66,2023-05-09 00:01:39,0.9786,0.9788
67,2023-05-09 00:01:43,0.978605,0.9788049999999999
69,2023-05-09 00:01:45,0.97858,0.97878
70,2023-05-09 00:01:47,0.97856,0.97876
71,2023-05-09 00:01:48,0.97856,0.9787600000000001
73,2023-05-09 00:01:49,0.978575,0.978775
75,2023-05-09 00:01:50,0.97859,0.97879
76,2023-05-09 00:01:51,0.9786,0.9788
77,2023-05-09 00:01:52,0.97858,0.97878
78,2023-05-09 00:01:53,0.97857,0.97877
81,2023-05-09 00:01:54,0.978565,0.978765
83,2023-05-09 00:01:56,0.97858,0.97878
84,2023-05-09 00:02:00,0.978545,0.978745
86,2023-05-09 00:02:02,0.97856,0.97876
87,2023-05-09 00:02:11,0.97857,0.97877
90,2023-05-09 00:02:12,0.97858,0.97878
93,2023-05-09 00:02:14,0.97857,0.97877
94,2023-05-09 00:02:15,0.97856,0.97876
95,2023-05-09 00:02:26,0.97855,0.97875
96,2023-05-09 00:02:29,0.97857,0.97877
97,2023-05-09 00:02:31,0.97858,0.97878
98,2023-05-09 00:02:35,0.97857,0.97877
99,2023-05-09 00:02:37,0.97858,0.97878
100,2023-05-09 00:02:39,0.97855,0.97875
101,2023-05-09 00:02:41,0.97854,0.97874
102,2023-05-09 00:02:42,0.97855,0.97875
103,2023-05-09 00:02:44,0.978545,0.978745
105,2023-05-09 00:02:46,0.97854,0.97874
106,2023-05-09 00:02:48,0.97855,0.97875
107,2023-05-09 00:02:51,0.97854,0.97874
108,2023-05-09 00:02:53,0.97852,0.97872
109,2023-05-09 00:02:54,0.97851,0.97871
110,2023-05-09 00:02:55,0.978525,0.9787250000000001
112,2023-05-09 00:02:57,0.97854,0.97874
113,2023-05-09 00:03:00,0.97854,0.97874
114,2023-05-09 00:03:08,0.9785550000000001,0.978755
116,2023-05-09 00:03:13,0.97855,0.97875
117,2023-05-09 00:03:14,0.97854,0.97874
118,2023-05-09 00:03:17,0.97856,0.97876
119,2023-05-09 00:03:19,0.97857,0.97877
120,2023-05-09 00:03:21,0.97856,0.97876
121,2023-05-09 00:03:22,0.97857,0.97877
124,2023-05-09 00:03:24,0.97856,0.97876
125,2023-05-09 00:03:27,0.97855,0.97875
126,2023-05-09 00:03:28,0.97856,0.97876
127,2023-05-09 00:03:30,0.9785349999999999,0.978735
129,2023-05-09 00:03:31,0.97853,0.97873
130,2023-05-09 00:03:32,0.97852,0.97872
131,2023-05-09 00:03:33,0.97853,0.97873
132,2023-05-09 00:03:35,0.97854,0.97874
133,2023-05-09 00:03:40,0.97855,0.97875
134,2023-05-09 00:03:42,0.97856,0.97876
135,2023-05-09 00:03:43,0.97855,0.97875
136,2023-05-09 00:03:44,0.97856,0.97876
137,2023-05-09 00:03:50,0.9785649999999999,0.9787650000000001
139,2023-05-09 00:03:51,0.978585,0.978785
141,2023-05-09 00:03:52,0.9786,0.9788
142,2023-05-09 00:03:53,0.97858,0.97878
143,2023-05-09 00:03:55,0.97859,0.97879
146,2023-05-09 00:03:56,0.9786,0.9788
147,2023-05-09 00:03:58,0.97858,0.97878
149,2023-05-09 00:04:00,0.97857,0.97877
150,2023-05-09 00:04:02,0.97858,0.97878
151,2023-05-09 00:04:04,0.9785550000000001,0.978755
153,2023-05-09 00:04:06,0.97857,0.97877
156,2023-05-09 00:04:12,0.978565,0.978765
158,2023-05-09 00:04:14,0.978585,0.978785
160,2023-05-09 00:04:15,0.97857,0.97877
161,2023-05-09 00:04:16,0.97856,0.97876
162,2023-05-09 00:04:25,0.97857,0.97877
163,2023-05-09 00:04:27,0.97856,0.97876
164,2023-05-09 00:04:31,0.97855,0.97875
165,2023-05-09 00:04:32,0.978565,0.978765
167,2023-05-09 00:04:37,0.97858,0.97878
168,2023-05-09 00:04:38,0.97857,0.97877
169,2023-05-09 00:04:39,0.97856,0.97876
170,2023-05-09 00:04:41,0.97858,0.97878
171,2023-05-09 00:04:42,0.97857,0.97877
172,2023-05-09 00:04:44,0.97858,0.97878
173,2023-05-09 00:04:47,0.978595,0.9787950000000001
175,2023-05-09 00:04:50,0.97859,0.97879
176,2023-05-09 00:04:51,0.97858,0.97878
177,2023-05-09 00:04:52,0.97857,0.97877
178,2023-05-09 00:04:53,0.97858,0.97878
179,2023-05-09 00:04:54,0.9786,0.9788
180,2023-05-09 00:04:58,0.97859,0.97879
181,2023-05-09 00:04:59,0.9786,0.9788
182,2023-05-09 00:05:00,0.9786,0.9788
183,2023-05-09 00:05:01,0.97859,0.97879
184,2023-05-09 00:05:02,0.9786,0.9788
185,2023-05-09 00:05:09,0.97859,0.97879
186,2023-05-09 00:05:11,0.9786,0.9788
187,2023-05-09 00:05:16,0.97861,0.97881
188,2023-05-09 00:05:18,0.97862,0.97882
189,2023-05-09 00:05:21,0.97863,0.97883
190,2023-05-09 00:05:24,0.97862,0.97882
191,2023-05-09 00:05:26,0.97861,0.97881
192,2023-05-09 00:05:27,0.9786250000000001,0.9788250000000001
194,2023-05-09 00:05:35,0.97863,0.97883
195,2023-05-09 00:05:38,0.97862,0.97882
196,2023-05-09 00:05:40,0.9786250000000001,0.9788250000000001
198,2023-05-09 00:05:41,0.9786250000000001,0.9788250000000001
200,2023-05-09 00:05:47,0.978615,0.978815
202,2023-05-09 00:05:48,0.97861,0.97881
203,2023-05-09 00:05:51,0.97858,0.97878
204,2023-05-09 00:05:53,0.97856,0.97876
205,2023-05-09 00:06:00,0.97856,0.97876
206,2023-05-09 00:06:06,0.97857,0.97877
207,2023-05-09 00:06:08,0.97858,0.97878
208,2023-05-09 00:06:11,0.97857,0.97877
209,2023-05-09 00:06:13,0.97858,0.97878
210,2023-05-09 00:06:21,0.97856,0.97876
211,2023-05-09 00:06:25,0.97857,0.97877
212,2023-05-09 00:06:29,0.97856,0.97876
213,2023-05-09 00:06:30,0.97857,0.97877
214,2023-05-09 00:06:32,0.97856,0.97876
215,2023-05-09 00:06:33,0.978575,0.978775
217,2023-05-09 00:06:40,0.97858,0.97878
220,2023-05-09 00:06:46,0.97856,0.97876
221,2023-05-09 00:06:51,0.97857,0.97877
224,2023-05-09 00:06:52,0.9785550000000001,0.978755
226,2023-05-09 00:06:56,0.97857,0.97877
227,2023-05-09 00:06:57,0.97856,0.97876
228,2023-05-09 00:07:00,0.97855,0.97875
229,2023-05-09 00:07:04,0.97856,0.97876
230,2023-05-09 00:07:06,0.97855,0.97875
231,2023-05-09 00:07:09,0.97856,0.97876
232,2023-05-09 00:07:10,0.97855,0.97875
233,2023-05-09 00:07:12,0.97854,0.97874
234,2023-05-09 00:07:13,0.97853,0.97873
235,2023-05-09 00:07:16,0.97855,0.97875
238,2023-05-09 00:07:18,0.97852,0.97872
239,2023-05-09 00:07:24,0.9785349999999999,0.978735
241,2023-05-09 00:07:29,0.97853,0.97873
242,2023-05-09 00:07:32,0.97854,0.97874
243,2023-05-09 00:07:33,0.97852,0.97872
244,2023-05-09 00:07:40,0.9785349999999999,0.978735
246,2023-05-09 00:07:41,0.97852,0.97872
247,2023-05-09 00:07:42,0.97851,0.97871
248,2023-05-09 00:07:43,0.97852,0.97872
249,2023-05-09 00:07:44,0.97853,0.97873
250,2023-05-09 00:07:47,0.9785349999999999,0.978735
252,2023-05-09 00:07:48,0.97854,0.97874
253,2023-05-09 00:07:50,0.97855,0.97875
254,2023-05-09 00:07:51,0.97854,0.97874
255,2023-05-09 00:07:52,0.97855,0.97875
256,2023-05-09 00:07:54,0.97856,0.97876
257,2023-05-09 00:08:00,0.97856,0.97876
258,2023-05-09 00:08:01,0.9785600000000001,0.9787600000000001
260,2023-05-09 00:08:03,0.978545,0.978745
262,2023-05-09 00:08:05,0.97854,0.97874
263,2023-05-09 00:08:06,0.97853,0.97873
264,2023-05-09 00:08:13,0.978515,0.978715
266,2023-05-09 00:08:15,0.978525,0.9787250000000001
268,2023-05-09 00:08:18,0.9785,0.9787
269,2023-05-09 00:08:22,0.97853,0.97873
270,2023-05-09 00:08:34,0.97855,0.97875
273,2023-05-09 00:08:44,0.978565,0.978765
275,2023-05-09 00:08:54,0.978525,0.9787250000000001
277,2023-05-09 00:08:59,0.97851,0.97871
280,2023-05-09 00:09:00,0.97853,0.97873
281,2023-05-09 00:09:01,0.97856,0.97876
282,2023-05-09 00:09:04,0.97855,0.97875
283,2023-05-09 00:09:05,0.97854,0.97874
284,2023-05-09 00:09:11,0.97853,0.97873
285,2023-05-09 00:09:12,0.97854,0.97874
286,2023-05-09 00:09:18,0.9786,0.9788
287,2023-05-09 00:09:19,0.97864,0.97884
290,2023-05-09 00:09:20,0.97864,0.97884
291,2023-05-09 00:09:21,0.97861,0.97881
292,2023-05-09 00:09:25,0.97862,0.97882
293,2023-05-09 00:09:33,0.97862,0.97882
296,2023-05-09 00:09:34,0.97859,0.97879
297,2023-05-09 00:09:35,0.9786,0.9788
298,2023-05-09 00:09:41,0.97859,0.97879
299,2023-05-09 00:09:42,0.9786,0.9788
300,2023-05-09 00:09:43,0.97859,0.97879
301,2023-05-09 00:09:44,0.9785900000000001,0.97879
303,2023-05-09 00:09:45,0.97859,0.97879
306,2023-05-09 00:09:46,0.9786,0.9788
307,2023-05-09 00:09:47,0.97859,0.97879
308,2023-05-09 00:09:50,0.9786,0.9788
309,2023-05-09 00:09:54,0.97859,0.97879
310,2023-05-09 00:09:57,0.9785550000000001,0.978755
312,2023-05-09 00:09:58,0.97856,0.97876
313,2023-05-09 00:09:59,0.97859,0.97879
314,2023-05-09 00:10:00,0.9786,0.9788
315,2023-05-09 00:10:02,0.97859,0.97879
316,2023-05-09 00:10:04,0.9786,0.9788
317,2023-05-09 00:10:05,0.978595,0.9787950000000001
319,2023-05-09 00:10:06,0.978595,0.9787950000000001
321,2023-05-09 00:10:07,0.97859,0.97879
322,2023-05-09 00:10:08,0.9786,0.9788
323,2023-05-09 00:10:09,0.97859,0.97879
324,2023-05-09 00:10:12,0.9786,0.9788
325,2023-05-09 00:10:13,0.97862,0.97882
326,2023-05-09 00:10:14,0.97863,0.97883
327,2023-05-09 00:10:15,0.978605,0.9788049999999999
329,2023-05-09 00:10:17,0.978595,0.9787950000000001
331,2023-05-09 00:10:26,0.97859,0.97879
334,2023-05-09 00:10:29,0.978565,0.978765
336,2023-05-09 00:10:32,0.97858,0.97878
337,2023-05-09 00:10:35,0.97856,0.97876
338,2023-05-09 00:10:40,0.97857,0.97877
339,2023-05-09 00:10:41,0.97859,0.97879
340,2023-05-09 00:10:45,0.97858,0.97878
341,2023-05-09 00:10:46,0.97859,0.97879
342,2023-05-09 00:10:49,0.97857,0.97877
343,2023-05-09 00:10:53,0.9785699999999999,0.9787699999999999
345,2023-05-09 00:10:54,0.9785550000000001,0.978755
347,2023-05-09 00:10:55,0.978575,0.978775
349,2023-05-09 00:10:58,0.978575,0.978775
351,2023-05-09 00:10:59,0.97859,0.97879
352,2023-05-09 00:11:00,0.97858,0.97878
353,2023-05-09 00:11:01,0.97859,0.97879
354,2023-05-09 00:11:03,0.9786,0.9788
355,2023-05-09 00:11:04,0.97859,0.97879
356,2023-05-09 00:11:05,0.978605,0.9788049999999999
358,2023-05-09 00:11:06,0.97866,0.97886
359,2023-05-09 00:11:07,0.97867,0.97887
360,2023-05-09 00:11:11,0.97864,0.97884
361,2023-05-09 00:11:12,0.97863,0.97883
362,2023-05-09 00:11:16,0.97862,0.97882
363,2023-05-09 00:11:19,0.97863,0.97883
364,2023-05-09 00:11:22,0.97863,0.9788300000000001
366,2023-05-09 00:11:23,0.97863,0.97883
367,2023-05-09 00:11:37,0.978615,0.978815
369,2023-05-09 00:11:40,0.97862,0.97882
371,2023-05-09 00:11:44,0.9786,0.9788
372,2023-05-09 00:11:45,0.97861,0.97881
373,2023-05-09 00:11:47,0.97862,0.97882
374,2023-05-09 00:11:51,0.978605,0.9788049999999999
376,2023-05-09 00:11:52,0.97857,0.97877
377,2023-05-09 00:11:58,0.97858,0.97878
378,2023-05-09 00:11:59,0.978585,0.978785
380,2023-05-09 00:12:00,0.97858,0.97878
383,2023-05-09 00:12:08,0.978585,0.978785
385,2023-05-09 00:12:09,0.97857,0.97877
386,2023-05-09 00:12:19,0.97858,0.97878
387,2023-05-09 00:12:20,0.978585,0.978785
389,2023-05-09 00:12:43,0.97859,0.97879
390,2023-05-09 00:12:44,0.978585,0.978785
392,2023-05-09 00:12:46,0.97858,0.97878
393,2023-05-09 00:12:47,0.97859,0.97879
394,2023-05-09 00:12:48,0.97858,0.97878
395,2023-05-09 00:12:50,0.97859,0.97879
396,2023-05-09 00:12:53,0.97858,0.97878
397,2023-05-09 00:12:55,0.97857,0.97877
398,2023-05-09 00:12:56,0.97856,0.97876
399,2023-05-09 00:12:57,0.97857,0.97877
400,2023-05-09 00:12:58,0.978545,0.978745
402,2023-05-09 00:13:00,0.97854,0.97874
403,2023-05-09 00:13:03,0.9785349999999999,0.978735
405,2023-05-09 00:13:04,0.97855,0.97875
406,2023-05-09 00:13:05,0.97854,0.97874
407,2023-05-09 00:13:08,0.978505,0.9787049999999999
409,2023-05-09 00:13:09,0.978515,0.978715
411,2023-05-09 00:13:10,0.97851,0.97871
412,2023-05-09 00:13:11,0.97852,0.97872
413,2023-05-09 00:13:13,0.9785,0.9787
414,2023-05-09 00:13:16,0.97852,0.97872
417,2023-05-09 00:13:17,0.9785,0.9787
418,2023-05-09 00:13:18,0.97854,0.97874
419,2023-05-09 00:13:22,0.97853,0.97873
420,2023-05-09 00:13:23,0.97857,0.97877
421,2023-05-09 00:13:24,0.978525,0.9787250000000001
423,2023-05-09 00:13:29,0.97853,0.97873
424,2023-05-09 00:13:34,0.97851,0.97871
427,2023-05-09 00:13:37,0.9785,0.9787
428,2023-05-09 00:13:39,0.97851,0.97871
430,2023-05-09 00:13:42,0.978505,0.9787049999999999
432,2023-05-09 00:13:44,0.97852,0.97872
435,2023-05-09 00:13:45,0.97853,0.97873
436,2023-05-09 00:13:46,0.97852,0.97872
439,2023-05-09 00:13:47,0.97853,0.97873
440,2023-05-09 00:13:48,0.978525,0.9787250000000001
442,2023-05-09 00:13:49,0.97851,0.97871
443,2023-05-09 00:13:51,0.97852,0.97872
444,2023-05-09 00:13:52,0.97853,0.97873
445,2023-05-09 00:13:53,0.97852,0.97872
446,2023-05-09 00:13:54,0.9785349999999999,0.978735
448,2023-05-09 00:13:55,0.97852,0.97872
449,2023-05-09 00:13:57,0.97853,0.97873
450,2023-05-09 00:14:00,0.97853,0.97873
451,2023-05-09 00:14:01,0.97852,0.97872
452,2023-05-09 00:14:03,0.97853,0.97873
453,2023-05-09 00:14:04,0.978525,0.9787250000000001
455,2023-05-09 00:14:06,0.9785299999999999,0.9787300000000001
457,2023-05-09 00:14:08,0.9785349999999999,0.978735
459,2023-05-09 00:14:10,0.978565,0.978765
461,2023-05-09 00:14:12,0.97858,0.97878
462,2023-05-09 00:14:13,0.97857,0.97877
463,2023-05-09 00:14:18,0.97856,0.97876
464,2023-05-09 00:14:19,0.97855,0.97875
465,2023-05-09 00:14:23,0.97856,0.97876
466,2023-05-09 00:14:24,0.97855,0.97875
467,2023-05-09 00:14:25,0.97856,0.97876
468,2023-05-09 00:14:29,0.978575,0.978775
470,2023-05-09 00:14:35,0.97858,0.97878
471,2023-05-09 00:14:39,0.97857,0.97877
472,2023-05-09 00:14:42,0.97856,0.97876
473,2023-05-09 00:14:45,0.97855,0.97875
474,2023-05-09 00:14:46,0.97856,0.97876
477,2023-05-09 00:14:48,0.97857,0.97877
478,2023-05-09 00:14:49,0.97856,0.97876
479,2023-05-09 00:14:53,0.97857,0.97877
480,2023-05-09 00:14:55,0.978585,0.978785
482,2023-05-09 00:14:56,0.97858,0.97878
483,2023-05-09 00:14:57,0.97859,0.97879
484,2023-05-09 00:14:58,0.97858,0.97878
485,2023-05-09 00:15:00,0.97857,0.97877
486,2023-05-09 00:15:01,0.978585,0.978785
488,2023-05-09 00:15:02,0.9786,0.9788
491,2023-05-09 00:15:03,0.97859,0.97879
492,2023-05-09 00:15:04,0.978585,0.978785
494,2023-05-09 00:15:06,0.97858,0.97878
495,2023-05-09 00:15:12,0.97859,0.97879
496,2023-05-09 00:15:15,0.97858,0.97878
497,2023-05-09 00:15:16,0.97859,0.97879
498,2023-05-09 00:15:18,0.97858,0.97878
499,2023-05-09 00:15:20,0.97857,0.97877
500,2023-05-09 00:15:29,0.978575,0.978775
502,2023-05-09 00:15:32,0.97856,0.97876
503,2023-05-09 00:15:33,0.97857,0.97877
504,2023-05-09 00:15:34,0.978575,0.978775
506,2023-05-09 00:15:36,0.97858,0.97878
507,2023-05-09 00:15:40,0.97859,0.97879
508,2023-05-09 00:15:42,0.97858,0.97878
509,2023-05-09 00:15:44,0.97857,0.97877
512,2023-05-09 00:15:49,0.97858,0.97878
513,2023-05-09 00:15:50,0.97859,0.97879
514,2023-05-09 00:15:51,0.97858,0.97878
515,2023-05-09 00:15:55,0.97859,0.97879
516,2023-05-09 00:15:56,0.978585,0.978785
518,2023-05-09 00:15:57,0.97859,0.97879
521,2023-05-09 00:15:58,0.9786,0.9788
522,2023-05-09 00:16:00,0.9785900000000001,0.97879
524,2023-05-09 00:16:01,0.97858,0.97878
527,2023-05-09 00:16:02,0.97858,0.97878
528,2023-05-09 00:16:03,0.97857,0.97877
529,2023-05-09 00:16:05,0.978575,0.978775
531,2023-05-09 00:16:10,0.97856,0.97876
532,2023-05-09 00:16:11,0.97857,0.97877
533,2023-05-09 00:16:16,0.97856,0.97876
534,2023-05-09 00:16:19,0.97857,0.97877
535,2023-05-09 00:16:28,0.9785600000000001,0.9787600000000001
537,2023-05-09 00:16:41,0.97856,0.97876
538,2023-05-09 00:16:42,0.97855,0.97875
541,2023-05-09 00:16:43,0.9785550000000001,0.978755
543,2023-05-09 00:16:44,0.97857,0.97877
544,2023-05-09 00:16:47,0.97858,0.97878
545,2023-05-09 00:16:53,0.97857,0.97877
546,2023-05-09 00:16:56,0.97858,0.97878
547,2023-05-09 00:16:58,0.97858,0.97878
549,2023-05-09 00:17:00,0.97857,0.97877
550,2023-05-09 00:17:02,0.97858,0.97878
551,2023-05-09 00:17:03,0.97857,0.97877
552,2023-05-09 00:17:13,0.97856,0.97876
553,2023-05-09 00:17:19,0.97857,0.97877
554,2023-05-09 00:17:27,0.97856,0.97876
555,2023-05-09 00:17:33,0.97857,0.97877
556,2023-05-09 00:17:37,0.97856,0.97876
557,2023-05-09 00:17:42,0.978565,0.978765
559,2023-05-09 00:17:43,0.97855,0.97875
560,2023-05-09 00:17:44,0.97856,0.97876
561,2023-05-09 00:17:47,0.97857,0.97877
562,2023-05-09 00:17:53,0.97856,0.97876
563,2023-05-09 00:17:56,0.97858,0.97878
564,2023-05-09 00:17:58,0.97857,0.97877
565,2023-05-09 00:17:59,0.97858,0.97878
566,2023-05-09 00:18:00,0.97858,0.97878
567,2023-05-09 00:18:04,0.97856,0.97876
570,2023-05-09 00:18:07,0.97857,0.97877
571,2023-05-09 00:18:08,0.978575,0.978775
573,2023-05-09 00:18:15,0.978585,0.978785
575,2023-05-09 00:18:17,0.97858,0.97878
576,2023-05-09 00:18:18,0.97859,0.97879
577,2023-05-09 00:18:21,0.97858,0.97878
578,2023-05-09 00:18:28,0.978595,0.9787950000000001
580,2023-05-09 00:18:29,0.97858,0.97878
581,2023-05-09 00:18:30,0.97859,0.97879
582,2023-05-09 00:18:38,0.978575,0.978775
584,2023-05-09 00:18:46,0.97858,0.97878
585,2023-05-09 00:18:47,0.97857,0.97877
586,2023-05-09 00:18:48,0.978575,0.978775
588,2023-05-09 00:18:51,0.97858,0.97878
589,2023-05-09 00:18:59,0.97857,0.97877
590,2023-05-09 00:19:00,0.97857,0.97877
591,2023-05-09 00:19:02,0.97858,0.97878
592,2023-05-09 00:19:06,0.97857,0.97877
593,2023-05-09 00:19:18,0.97858,0.97878
594,2023-05-09 00:19:19,0.97857,0.97877
595,2023-05-09 00:19:21,0.97856,0.97876
596,2023-05-09 00:19:22,0.97857,0.97877
597,2023-05-09 00:19:23,0.97858,0.97878
598,2023-05-09 00:19:30,0.97857,0.97877
599,2023-05-09 00:19:40,0.9785550000000001,0.978755
601,2023-05-09 00:19:44,0.97856,0.97876
602,2023-05-09 00:19:50,0.978575,0.978775
604,2023-05-09 00:19:54,0.97858,0.97878
605,2023-05-09 00:19:55,0.97857,0.97877
606,2023-05-09 00:19:56,0.97858,0.97878
607,2023-05-09 00:19:58,0.97857,0.97877
610,2023-05-09 00:20:00,0.978575,0.978775
612,2023-05-09 00:20:04,0.97859,0.97879
615,2023-05-09 00:20:08,0.978605,0.9788049999999999
617,2023-05-09 00:20:15,0.97859,0.97879
618,2023-05-09 00:20:19,0.9786,0.9788
619,2023-05-09 00:20:20,0.97859,0.97879
620,2023-05-09 00:20:33,0.9786,0.9788
621,2023-05-09 00:20:42,0.97859,0.97879
622,2023-05-09 00:20:43,0.9786,0.9788
623,2023-05-09 00:20:46,0.978595,0.9787950000000001
625,2023-05-09 00:20:48,0.97859,0.97879
626,2023-05-09 00:20:54,0.9786,0.9788
627,2023-05-09 00:20:55,0.97859,0.97879
628,2023-05-09 00:20:58,0.978595,0.9787950000000001
630,2023-05-09 00:21:00,0.978595,0.9787950000000001
632,2023-05-09 00:21:07,0.97859,0.97879
633,2023-05-09 00:21:16,0.97858,0.97878
634,2023-05-09 00:21:22,0.97859,0.97879
635,2023-05-09 00:21:46,0.97858,0.97878
638,2023-05-09 00:21:48,0.97859,0.97879
639,2023-05-09 00:21:56,0.97858,0.97878
640,2023-05-09 00:21:57,0.97859,0.97879
641,2023-05-09 00:22:00,0.97859,0.97879
642,2023-05-09 00:22:02,0.97857,0.97877
645,2023-05-09 00:22:06,0.97857,0.97877
648,2023-05-09 00:22:07,0.978565,0.978765
650,2023-05-09 00:22:10,0.9785699999999999,0.9787699999999999
652,2023-05-09 00:22:11,0.97858,0.97878
653,2023-05-09 00:22:17,0.978575,0.978775
655,2023-05-09 00:22:20,0.97857,0.97877
656,2023-05-09 00:22:25,0.97855,0.97875
657,2023-05-09 00:22:27,0.97857,0.97877
658,2023-05-09 00:22:30,0.97855,0.97875
659,2023-05-09 00:22:31,0.978565,0.978765
661,2023-05-09 00:22:33,0.97856,0.97876
662,2023-05-09 00:22:34,0.97855,0.97875
663,2023-05-09 00:22:37,0.97855,0.97875
665,2023-05-09 00:22:41,0.97855,0.97875
666,2023-05-09 00:22:47,0.978515,0.978715
668,2023-05-09 00:22:49,0.97852,0.97872
669,2023-05-09 00:22:50,0.9785349999999999,0.978735
671,2023-05-09 00:22:57,0.9785200000000001,0.97872
673,2023-05-09 00:23:00,0.97851,0.97871
674,2023-05-09 00:23:08,0.9785,0.9787
675,2023-05-09 00:23:11,0.978505,0.9787049999999999
677,2023-05-09 00:23:13,0.978505,0.9787049999999999
679,2023-05-09 00:23:14,0.978505,0.9787049999999999
681,2023-05-09 00:23:21,0.97851,0.97871
682,2023-05-09 00:23:22,0.9785,0.9787
683,2023-05-09 00:23:27,0.97849,0.97869
684,2023-05-09 00:23:28,0.9785,0.9787
685,2023-05-09 00:23:29,0.97851,0.97871
686,2023-05-09 00:23:30,0.978495,0.978695
688,2023-05-09 00:23:36,0.97849,0.97869
689,2023-05-09 00:23:37,0.97851,0.97871
690,2023-05-09 00:23:47,0.978515,0.978715
692,2023-05-09 00:23:48,0.9785,0.9787
693,2023-05-09 00:23:50,0.97851,0.97871
694,2023-05-09 00:23:53,0.97852,0.97872
695,2023-05-09 00:23:56,0.9785,0.9787
696,2023-05-09 00:23:57,0.97851,0.97871
697,2023-05-09 00:23:58,0.9785,0.9787
698,2023-05-09 00:24:00,0.9785,0.9787
699,2023-05-09 00:24:01,0.97851,0.97871
700,2023-05-09 00:24:07,0.9785,0.9787
701,2023-05-09 00:24:08,0.978505,0.9787049999999999
703,2023-05-09 00:24:15,0.97851,0.97871
704,2023-05-09 00:24:20,0.9785,0.9787
705,2023-05-09 00:24:23,0.97848,0.97868
708,2023-05-09 00:24:31,0.978505,0.9787049999999999
710,2023-05-09 00:24:32,0.97849,0.97869
711,2023-05-09 00:24:34,0.97848,0.97868
712,2023-05-09 00:24:35,0.97849,0.97869
713,2023-05-09 00:24:37,0.97848,0.97868
714,2023-05-09 00:24:39,0.97849,0.97869
715,2023-05-09 00:24:40,0.97848,0.97868
716,2023-05-09 00:24:41,0.97849,0.97869
717,2023-05-09 00:24:48,0.978495,0.978695
719,2023-05-09 00:24:52,0.978495,0.978695
721,2023-05-09 00:24:58,0.9785,0.9787
722,2023-05-09 00:24:59,0.97848,0.97868
723,2023-05-09 00:25:00,0.97848,0.97868
724,2023-05-09 00:25:04,0.97849,0.97869
725,2023-05-09 00:25:06,0.97851,0.97871
726,2023-05-09 00:25:08,0.97852,0.97872
727,2023-05-09 00:25:09,0.97851,0.97871
728,2023-05-09 00:25:14,0.9785,0.9787
729,2023-05-09 00:25:19,0.97851,0.97871
730,2023-05-09 00:25:26,0.97852,0.97872
731,2023-05-09 00:25:27,0.97851,0.97871
732,2023-05-09 00:25:39,0.978515,0.978715
734,2023-05-09 00:25:44,0.97849,0.97869
735,2023-05-09 00:25:46,0.97848,0.97868
736,2023-05-09 00:25:48,0.978495,0.978695
738,2023-05-09 00:25:50,0.9785,0.9787
739,2023-05-09 00:25:51,0.97848,0.97868
740,2023-05-09 00:25:53,0.978515,0.978715
742,2023-05-09 00:25:54,0.97852,0.97872
743,2023-05-09 00:26:00,0.97852,0.97872
744,2023-05-09 00:26:04,0.97851,0.97871
745,2023-05-09 00:26:09,0.978525,0.9787250000000001
747,2023-05-09 00:26:10,0.978505,0.9787049999999999
749,2023-05-09 00:26:14,0.9785,0.9787
750,2023-05-09 00:26:20,0.97848,0.97868
751,2023-05-09 00:26:26,0.97849,0.97869
754,2023-05-09 00:26:27,0.97849,0.97869
755,2023-05-09 00:26:30,0.97849,0.97869
758,2023-05-09 00:26:31,0.9785,0.9787
759,2023-05-09 00:26:36,0.97849,0.97869
760,2023-05-09 00:26:37,0.97851,0.97871
761,2023-05-09 00:26:38,0.97848,0.97868
762,2023-05-09 00:26:39,0.9785,0.9787
763,2023-05-09 00:26:40,0.97848,0.97868
766,2023-05-09 00:26:41,0.978485,0.978685
768,2023-05-09 00:26:46,0.9785,0.9787
769,2023-05-09 00:26:47,0.97848,0.97868
770,2023-05-09 00:26:48,0.97849,0.97869
771,2023-05-09 00:26:49,0.97848,0.97868
772,2023-05-09 00:26:50,0.97849,0.97869
773,2023-05-09 00:26:51,0.97847,0.97867
776,2023-05-09 00:26:52,0.97848,0.97868
777,2023-05-09 00:27:00,0.97848,0.97868
778,2023-05-09 00:27:03,0.97849,0.97869
779,2023-05-09 00:27:04,0.97848,0.97868
780,2023-05-09 00:27:06,0.978475,0.978675
782,2023-05-09 00:27:21,0.97847,0.97867
783,2023-05-09 00:27:22,0.97849,0.97869
784,2023-05-09 00:27:28,0.978485,0.978685
786,2023-05-09 00:27:29,0.9784900000000001,0.9786900000000001
788,2023-05-09 00:27:32,0.97847,0.97867
789,2023-05-09 00:27:40,0.97848,0.97868
790,2023-05-09 00:27:42,0.978485,0.978685
792,2023-05-09 00:27:44,0.978475,0.978675
794,2023-05-09 00:27:53,0.97847,0.97867
795,2023-05-09 00:27:54,0.978475,0.978675
797,2023-05-09 00:27:55,0.97849,0.97869
798,2023-05-09 00:27:56,0.9785,0.9787
799,2023-05-09 00:28:00,0.9785,0.9787
800,2023-05-09 00:28:09,0.97849,0.97869
801,2023-05-09 00:28:24,0.978515,0.978715
803,2023-05-09 00:28:25,0.97852,0.97872
804,2023-05-09 00:28:28,0.97853,0.97873
805,2023-05-09 00:28:30,0.978505,0.9787049999999999
807,2023-05-09 00:28:39,0.97849,0.97869
808,2023-05-09 00:28:43,0.9785,0.9787
809,2023-05-09 00:29:00,0.9785,0.9787
810,2023-05-09 00:29:04,0.978515,0.978715
812,2023-05-09 00:29:18,0.97849,0.97869
813,2023-05-09 00:29:20,0.978515,0.978715
815,2023-05-09 00:29:24,0.978505,0.9787049999999999
817,2023-05-09 00:29:25,0.97852,0.97872
818,2023-05-09 00:29:38,0.978515,0.978715
820,2023-05-09 00:29:53,0.97854,0.97874
821,2023-05-09 00:29:54,0.97852,0.97872
822,2023-05-09 00:29:59,0.97853,0.97873
823,2023-05-09 00:30:00,0.97852,0.97872
824,2023-05-09 00:30:03,0.97853,0.97873
825,2023-05-09 00:30:06,0.97854,0.97874
826,2023-05-09 00:30:07,0.97853,0.97873
827,2023-05-09 00:30:08,0.97852,0.97872
828,2023-05-09 00:30:19,0.97851,0.97871
829,2023-05-09 00:30:20,0.97852,0.97872
830,2023-05-09 00:30:21,0.97853,0.97873
831,2023-05-09 00:30:24,0.97852,0.97872
832,2023-05-09 00:30:26,0.97853,0.97873
833,2023-05-09 00:30:27,0.97852,0.97872
834,2023-05-09 00:30:29,0.97851,0.97871
835,2023-05-09 00:30:30,0.978515,0.978715
837,2023-05-09 00:30:46,0.97852,0.97872
838,2023-05-09 00:30:51,0.97851,0.97871
839,2023-05-09 00:30:59,0.97852,0.97872
840,2023-05-09 00:31:00,0.97852,0.97872
841,2023-05-09 00:31:02,0.97851,0.97871
842,2023-05-09 00:31:03,0.978515,0.978715
844,2023-05-09 00:31:04,0.97849,0.97869
845,2023-05-09 00:31:12,0.97848,0.97868
846,2023-05-09 00:31:42,0.97849,0.97869
847,2023-05-09 00:31:43,0.97848,0.97868
848,2023-05-09 00:31:49,0.97847,0.97867
849,2023-05-09 00:31:55,0.97848,0.97868
850,2023-05-09 00:31:57,0.97847,0.97867
851,2023-05-09 00:31:59,0.97848,0.97868
852,2023-05-09 00:32:00,0.97848,0.97868
853,2023-05-09 00:32:12,0.97849,0.97869
854,2023-05-09 00:32:25,0.978475,0.978675
856,2023-05-09 00:32:44,0.97846,0.97866
857,2023-05-09 00:32:55,0.97845,0.97865
858,2023-05-09 00:32:57,0.97846,0.97866
859,2023-05-09 00:33:00,0.97847,0.9786699999999999
861,2023-05-09 00:33:01,0.97847,0.97867
862,2023-05-09 00:33:12,0.9784550000000001,0.978655
864,2023-05-09 00:33:13,0.97846,0.97866
865,2023-05-09 00:33:30,0.97849,0.97869
866,2023-05-09 00:33:36,0.978475,0.978675
868,2023-05-09 00:33:38,0.9784649999999999,0.978665
870,2023-05-09 00:33:42,0.97846,0.97866
871,2023-05-09 00:33:44,0.97847,0.97867
872,2023-05-09 00:33:50,0.97848,0.97868
873,2023-05-09 00:33:51,0.97847,0.97867
874,2023-05-09 00:33:56,0.97846,0.97866
875,2023-05-09 00:34:00,0.9784649999999999,0.978665
877,2023-05-09 00:34:05,0.97846,0.97866
878,2023-05-09 00:34:07,0.97845,0.97865
879,2023-05-09 00:34:16,0.97846,0.97866
880,2023-05-09 00:34:36,0.97844,0.97864
881,2023-05-09 00:34:37,0.97845,0.97865
882,2023-05-09 00:34:42,0.97844,0.97864
883,2023-05-09 00:34:47,0.97845,0.97865
886,2023-05-09 00:34:58,0.9784550000000001,0.978655
888,2023-05-09 00:34:59,0.9784550000000001,0.978655
890,2023-05-09 00:35:00,0.97845,0.97865
892,2023-05-09 00:35:01,0.9784550000000001,0.978655
894,2023-05-09 00:35:04,0.97845,0.97865
895,2023-05-09 00:35:05,0.97839,0.97859
898,2023-05-09 00:35:07,0.97837,0.97857
899,2023-05-09 00:35:09,0.97838,0.97858
900,2023-05-09 00:35:14,0.9783850000000001,0.978585
902,2023-05-09 00:35:16,0.97839,0.97859
905,2023-05-09 00:35:17,0.978375,0.978575
907,2023-05-09 00:35:24,0.978375,0.978575
909,2023-05-09 00:35:26,0.97838,0.97858
910,2023-05-09 00:35:27,0.97839,0.97859
911,2023-05-09 00:35:30,0.9784,0.9786
912,2023-05-09 00:35:31,0.97838,0.97858
913,2023-05-09 00:35:32,0.97837,0.97857
914,2023-05-09 00:35:35,0.978405,0.978605
916,2023-05-09 00:35:36,0.97839,0.97859
917,2023-05-09 00:35:38,0.9784,0.9786
918,2023-05-09 00:35:40,0.97839,0.97859
919,2023-05-09 00:35:51,0.9783850000000001,0.978585
921,2023-05-09 00:35:52,0.978375,0.978575
923,2023-05-09 00:35:53,0.97838,0.97858
924,2023-05-09 00:35:54,0.97837,0.97857
925,2023-05-09 00:35:55,0.97838,0.97858
926,2023-05-09 00:35:58,0.97837,0.97857
927,2023-05-09 00:36:00,0.97837,0.97857
928,2023-05-09 00:36:02,0.97838,0.97858
929,2023-05-09 00:36:06,0.978395,0.978595
931,2023-05-09 00:36:07,0.978395,0.978595
933,2023-05-09 00:36:09,0.97841,0.97861
934,2023-05-09 00:36:10,0.9784,0.9786
935,2023-05-09 00:36:12,0.97841,0.97861
936,2023-05-09 00:36:13,0.9784,0.9786
937,2023-05-09 00:36:19,0.978405,0.978605
939,2023-05-09 00:36:23,0.978405,0.978605
941,2023-05-09 00:36:24,0.978405,0.978605
943,2023-05-09 00:36:27,0.97837,0.97857
944,2023-05-09 00:36:30,0.97839,0.97859
945,2023-05-09 00:36:38,0.97838,0.97858
946,2023-05-09 00:36:40,0.97837,0.97857
947,2023-05-09 00:36:45,0.97836,0.97856
948,2023-05-09 00:36:49,0.97837,0.97857
949,2023-05-09 00:36:57,0.97836,0.97856
950,2023-05-09 00:37:00,0.97836,0.97856
951,2023-05-09 00:37:04,0.97837,0.97857
952,2023-05-09 00:37:05,0.97836,0.97856
953,2023-05-09 00:37:08,0.97837,0.97857
954,2023-05-09 00:37:11,0.97836,0.97856
955,2023-05-09 00:37:15,0.9783649999999999,0.978565
957,2023-05-09 00:37:17,0.9783649999999999,0.978565
959,2023-05-09 00:37:18,0.9783649999999999,0.978565
961,2023-05-09 00:37:19,0.9783649999999999,0.978565
963,2023-05-09 00:37:20,0.97837,0.97857
964,2023-05-09 00:37:21,0.97838,0.97858
967,2023-05-09 00:37:22,0.9783850000000001,0.978585
969,2023-05-09 00:37:23,0.97839,0.97859
970,2023-05-09 00:37:25,0.97841,0.97861
971,2023-05-09 00:37:26,0.9784,0.9786
972,2023-05-09 00:37:27,0.97841,0.97861
973,2023-05-09 00:37:28,0.97838,0.97858
974,2023-05-09 00:37:32,0.9783850000000001,0.978585
976,2023-05-09 00:37:33,0.97839,0.97859
977,2023-05-09 00:37:39,0.97838,0.97858
978,2023-05-09 00:37:41,0.97838,0.97858
980,2023-05-09 00:37:42,0.97837,0.97857
981,2023-05-09 00:37:46,0.97839,0.97859
982,2023-05-09 00:37:47,0.9783850000000001,0.978585
984,2023-05-09 00:37:49,0.97838,0.97858
985,2023-05-09 00:37:58,0.97841,0.97861
986,2023-05-09 00:37:59,0.978405,0.978605
988,2023-05-09 00:38:00,0.978405,0.978605
990,2023-05-09 00:38:01,0.97839,0.97859
991,2023-05-09 00:38:02,0.978395,0.978595
993,2023-05-09 00:38:03,0.9784,0.9786
994,2023-05-09 00:38:05,0.97839,0.97859
995,2023-05-09 00:38:10,0.978395,0.978595
997,2023-05-09 00:38:11,0.978395,0.978595
999,2023-05-09 00:38:12,0.9784,0.9786
1000,2023-05-09 00:38:14,0.978405,0.978605
1002,2023-05-09 00:38:15,0.97842,0.97862
1005,2023-05-09 00:38:18,0.9784349999999999,0.9786349999999999
1007,2023-05-09 00:38:19,0.9783900000000001,0.9785900000000001
1009,2023-05-09 00:38:22,0.97841,0.97861
1010,2023-05-09 00:38:27,0.9784,0.9786
1011,2023-05-09 00:38:28,0.97841,0.97861
1012,2023-05-09 00:38:29,0.9783900000000001,0.9785900000000001
1014,2023-05-09 00:38:33,0.97839,0.97859
1015,2023-05-09 00:38:40,0.97838,0.97858
1016,2023-05-09 00:38:41,0.9784,0.9786
1019,2023-05-09 00:38:43,0.97841,0.97861
1020,2023-05-09 00:38:52,0.97842,0.97862
1021,2023-05-09 00:38:59,0.97841,0.97861
1022,2023-05-09 00:39:00,0.97841,0.97861
1023,2023-05-09 00:39:01,0.9784,0.9786
1024,2023-05-09 00:39:05,0.9783850000000001,0.978585
1026,2023-05-09 00:39:14,0.97838,0.97858
1027,2023-05-09 00:39:20,0.97837,0.97857
1028,2023-05-09 00:39:24,0.97838,0.97858
1029,2023-05-09 00:39:25,0.97836,0.97856
1030,2023-05-09 00:39:27,0.97837,0.97857
1031,2023-05-09 00:39:38,0.97836,0.97856
1032,2023-05-09 00:39:40,0.9783550000000001,0.9785550000000001
1034,2023-05-09 00:39:41,0.9783550000000001,0.9785550000000001
1036,2023-05-09 00:39:43,0.9783550000000001,0.9785550000000001
1038,2023-05-09 00:39:44,0.9783550000000001,0.9785550000000001
1040,2023-05-09 00:39:45,0.97835,0.97855
1041,2023-05-09 00:39:49,0.9783550000000001,0.9785550000000001
1043,2023-05-09 00:39:50,0.97836,0.97856
1046,2023-05-09 00:39:54,0.97837,0.97857
1047,2023-05-09 00:39:55,0.9783550000000001,0.9785550000000001
1049,2023-05-09 00:39:57,0.97835,0.97855
1051,2023-05-09 00:40:00,0.9783649999999999,0.978565
1053,2023-05-09 00:40:01,0.97836,0.97856
1054,2023-05-09 00:40:02,0.9783649999999999,0.978565
1056,2023-05-09 00:40:03,0.97837,0.97857
1057,2023-05-09 00:40:08,0.9783550000000001,0.9785550000000001
1059,2023-05-09 00:40:10,0.97837,0.97857
1060,2023-05-09 00:40:11,0.9783550000000001,0.9785550000000001
1062,2023-05-09 00:40:17,0.97837,0.97857
1063,2023-05-09 00:40:24,0.9783649999999999,0.978565
1065,2023-05-09 00:40:31,0.97838,0.97858
1066,2023-05-09 00:40:33,0.9783850000000001,0.978585
1068,2023-05-09 00:40:34,0.97839,0.97859
1069,2023-05-09 00:40:36,0.97838,0.97858
1070,2023-05-09 00:40:37,0.97837,0.97857
1071,2023-05-09 00:40:38,0.9783850000000001,0.978585
1073,2023-05-09 00:40:42,0.978375,0.978575
1075,2023-05-09 00:40:43,0.97837,0.97857
1076,2023-05-09 00:40:45,0.97838,0.97858
1077,2023-05-09 00:40:48,0.9783850000000001,0.978585
1079,2023-05-09 00:40:50,0.97837,0.97857
1080,2023-05-09 00:40:52,0.97836,0.97856
1081,2023-05-09 00:40:53,0.9783649999999999,0.978565
1083,2023-05-09 00:41:00,0.97836,0.97856
1084,2023-05-09 00:41:01,0.97837,0.97857
1085,2023-05-09 00:41:02,0.97836,0.97856
1086,2023-05-09 00:41:03,0.97837,0.97857
1087,2023-05-09 00:41:04,0.97836,0.97856
1088,2023-05-09 00:41:11,0.97835,0.97855
1089,2023-05-09 00:41:14,0.97836,0.97856
1090,2023-05-09 00:41:17,0.97835,0.97855
1092,2023-05-09 00:41:18,0.9783649999999999,0.978565
1094,2023-05-09 00:41:19,0.9783550000000001,0.9785550000000001
1096,2023-05-09 00:41:21,0.9783550000000001,0.9785550000000001
1098,2023-05-09 00:41:25,0.97837,0.97857
1099,2023-05-09 00:41:28,0.97836,0.97856
1100,2023-05-09 00:41:29,0.97837,0.97857
1101,2023-05-09 00:41:31,0.9783649999999999,0.978565
1103,2023-05-09 00:41:34,0.97836,0.97856
1104,2023-05-09 00:41:42,0.97837,0.97857
1105,2023-05-09 00:41:46,0.97836,0.97856
1106,2023-05-09 00:41:49,0.97837,0.97857
1109,2023-05-09 00:41:52,0.97838,0.97858
1110,2023-05-09 00:41:53,0.97837,0.97857
1111,2023-05-09 00:41:56,0.97838,0.97858
1112,2023-05-09 00:41:59,0.978395,0.978595
1114,2023-05-09 00:42:00,0.978395,0.978595
1116,2023-05-09 00:42:01,0.97837,0.97857
1117,2023-05-09 00:42:04,0.97839,0.97859
1118,2023-05-09 00:42:05,0.97838,0.97858
1119,2023-05-09 00:42:14,0.97839,0.97859
1120,2023-05-09 00:42:15,0.97838,0.97858
1121,2023-05-09 00:42:18,0.9784,0.9786
1122,2023-05-09 00:42:19,0.97839,0.97859
1123,2023-05-09 00:42:20,0.97838,0.97858
1124,2023-05-09 00:42:22,0.978375,0.978575
1126,2023-05-09 00:42:44,0.97841,0.97861
1127,2023-05-09 00:42:46,0.97842,0.97862
1128,2023-05-09 00:42:48,0.97841,0.97861
1129,2023-05-09 00:42:51,0.97842,0.97862
1130,2023-05-09 00:42:56,0.9784,0.9786
1131,2023-05-09 00:43:00,0.9784,0.9786
1132,2023-05-09 00:43:09,0.97835,0.97855
1133,2023-05-09 00:43:10,0.97839,0.97859
1134,2023-05-09 00:43:11,0.9784,0.9786
1135,2023-05-09 00:43:20,0.97839,0.97859
1136,2023-05-09 00:43:23,0.9784,0.9786
1137,2023-05-09 00:43:25,0.97839,0.97859
1138,2023-05-09 00:43:29,0.97843,0.97863
1139,2023-05-09 00:43:30,0.97844,0.97864
1140,2023-05-09 00:43:32,0.97843,0.97863
1141,2023-05-09 00:43:33,0.97842,0.97862
1142,2023-05-09 00:43:34,0.97844,0.97864
1143,2023-05-09 00:43:39,0.9784550000000001,0.978655
1145,2023-05-09 00:43:49,0.97845,0.97865
1146,2023-05-09 00:43:57,0.97844,0.97864
1147,2023-05-09 00:43:58,0.97843,0.97863
1148,2023-05-09 00:43:59,0.97844,0.97864
1149,2023-05-09 00:44:00,0.97844,0.97864
1150,2023-05-09 00:44:02,0.97846,0.97866
1151,2023-05-09 00:44:05,0.97844,0.97864
1152,2023-05-09 00:44:07,0.97845,0.97865
1153,2023-05-09 00:44:09,0.978445,0.978645
1155,2023-05-09 00:44:20,0.97846,0.97866
1156,2023-05-09 00:44:21,0.97845,0.97865
1157,2023-05-09 00:44:22,0.97846,0.97866
1158,2023-05-09 00:44:23,0.97845,0.97865
1159,2023-05-09 00:44:25,0.97843,0.97863
1160,2023-05-09 00:44:29,0.97842,0.97862
1161,2023-05-09 00:44:46,0.97843,0.97863
1162,2023-05-09 00:44:47,0.97845,0.97865
1163,2023-05-09 00:44:49,0.97843,0.97863
1164,2023-05-09 00:44:52,0.9784349999999999,0.9786349999999999
1166,2023-05-09 00:44:58,0.97844,0.97864
1167,2023-05-09 00:45:00,0.97844,0.97864
1168,2023-05-09 00:45:02,0.97843,0.97863
1169,2023-05-09 00:45:26,0.97842,0.97862
1170,2023-05-09 00:45:42,0.97841,0.97861
1171,2023-05-09 00:45:45,0.97842,0.97862
1172,2023-05-09 00:45:48,0.97844,0.97864
1173,2023-05-09 00:45:51,0.97842,0.97862
1174,2023-05-09 00:46:00,0.97842,0.97862
1175,2023-05-09 00:46:08,0.9784349999999999,0.9786349999999999
1177,2023-05-09 00:46:09,0.9784349999999999,0.9786349999999999
1179,2023-05-09 00:46:10,0.97844,0.97864
1180,2023-05-09 00:46:20,0.9784349999999999,0.9786349999999999
1182,2023-05-09 00:46:21,0.9784349999999999,0.9786349999999999
1184,2023-05-09 00:46:25,0.97843,0.97863
1185,2023-05-09 00:46:31,0.97844,0.97864
1186,2023-05-09 00:46:55,0.97845,0.97865
1187,2023-05-09 00:47:00,0.97845,0.97865
1188,2023-05-09 00:47:01,0.97844,0.97864
1189,2023-05-09 00:47:06,0.9784550000000001,0.978655
1191,2023-05-09 00:47:09,0.97844,0.97864
1192,2023-05-09 00:47:10,0.97843,0.97863
1193,2023-05-09 00:47:11,0.97842,0.97862
1194,2023-05-09 00:47:13,0.97843,0.97863
1195,2023-05-09 00:47:15,0.97841,0.97861
1196,2023-05-09 00:47:17,0.97843,0.97863
1197,2023-05-09 00:47:19,0.9784349999999999,0.9786349999999999
1199,2023-05-09 00:47:23,0.97845,0.97865
1200,2023-05-09 00:47:24,0.97844,0.97864
1201,2023-05-09 00:47:25,0.97845,0.97865
1202,2023-05-09 00:47:29,0.97844,0.97864
1203,2023-05-09 00:47:30,0.97845,0.97865
1204,2023-05-09 00:47:39,0.97847,0.97867
1205,2023-05-09 00:47:40,0.97845,0.97865
1206,2023-05-09 00:47:52,0.97846,0.97866
1207,2023-05-09 00:47:58,0.97847,0.97867
1208,2023-05-09 00:48:00,0.978475,0.978675
1210,2023-05-09 00:48:01,0.97847,0.97867
1211,2023-05-09 00:48:03,0.97846,0.97866
1212,2023-05-09 00:48:10,0.97847,0.97867
1213,2023-05-09 00:48:11,0.978505,0.9787049999999999
1215,2023-05-09 00:48:13,0.978495,0.978695
1217,2023-05-09 00:48:15,0.978515,0.978715
1219,2023-05-09 00:48:16,0.97853,0.97873
1220,2023-05-09 00:48:19,0.97854,0.97874
1221,2023-05-09 00:48:22,0.97853,0.97873
1222,2023-05-09 00:48:23,0.978525,0.9787250000000001
1224,2023-05-09 00:48:24,0.97854,0.97874
1225,2023-05-09 00:48:28,0.978545,0.978745
1227,2023-05-09 00:48:31,0.978545,0.978745
1229,2023-05-09 00:48:33,0.97855,0.97875
1230,2023-05-09 00:48:48,0.978545,0.978745
1232,2023-05-09 00:49:00,0.978545,0.978745
1234,2023-05-09 00:49:02,0.97855,0.97875
1235,2023-05-09 00:49:05,0.97854,0.97874
1236,2023-05-09 00:49:09,0.97853,0.97873
1237,2023-05-09 00:49:12,0.97854,0.97874
1238,2023-05-09 00:49:15,0.97853,0.97873
1239,2023-05-09 00:49:25,0.97852,0.97872
1240,2023-05-09 00:49:26,0.97853,0.97873
1241,2023-05-09 00:49:34,0.97852,0.97872
1242,2023-05-09 00:49:47,0.978525,0.9787250000000001
1244,2023-05-09 00:49:54,0.9785,0.9787
1245,2023-05-09 00:49:55,0.978505,0.9787049999999999
1247,2023-05-09 00:50:00,0.97852,0.97872
1248,2023-05-09 00:50:05,0.97851,0.97871
1249,2023-05-09 00:50:08,0.97852,0.97872
1250,2023-05-09 00:50:11,0.97851,0.97871
1251,2023-05-09 00:50:12,0.97852,0.97872
1252,2023-05-09 00:50:41,0.97853,0.97873
1253,2023-05-09 00:50:52,0.97852,0.97872
1254,2023-05-09 00:50:53,0.97853,0.97873
1255,2023-05-09 00:51:00,0.97853,0.97873
1256,2023-05-09 00:51:05,0.97854,0.97874
1257,2023-05-09 00:51:08,0.97853,0.97873
1258,2023-05-09 00:51:11,0.97854,0.97874
1259,2023-05-09 00:51:14,0.978545,0.978745
1261,2023-05-09 00:51:29,0.97853,0.97873
1262,2023-05-09 00:51:30,0.97854,0.97874
1263,2023-05-09 00:51:32,0.97853,0.97873
1264,2023-05-09 00:51:33,0.97854,0.97874
1265,2023-05-09 00:51:59,0.978545,0.978745
1267,2023-05-09 00:52:00,0.978545,0.978745
1269,2023-05-09 00:52:24,0.978545,0.978745
1271,2023-05-09 00:52:28,0.97857,0.97877
1272,2023-05-09 00:52:29,0.97858,0.97878
1273,2023-05-09 00:52:54,0.97859,0.97879
1274,2023-05-09 00:53:00,0.97859,0.97879
1277,2023-05-09 00:53:07,0.97858,0.97878
1278,2023-05-09 00:53:10,0.97859,0.97879
1279,2023-05-09 00:53:11,0.97858,0.97878
1280,2023-05-09 00:54:00,0.978575,0.978775
1282,2023-05-09 00:54:02,0.97858,0.97878
1283,2023-05-09 00:54:23,0.97857,0.97877
1284,2023-05-09 00:54:27,0.97858,0.97878
1285,2023-05-09 00:54:29,0.97857,0.97877
1286,2023-05-09 00:54:34,0.978565,0.978765
1288,2023-05-09 00:54:35,0.97855,0.97875
1289,2023-05-09 00:54:36,0.97857,0.97877
1290,2023-05-09 00:54:38,0.9785550000000001,0.978755
1292,2023-05-09 00:54:39,0.97856,0.97876
1293,2023-05-09 00:54:40,0.97855,0.97875
1294,2023-05-09 00:54:44,0.978565,0.978765
1296,2023-05-09 00:54:47,0.97857,0.97877
1297,2023-05-09 00:54:52,0.978565,0.978765
1299,2023-05-09 00:54:53,0.97856,0.97876
1300,2023-05-09 00:54:55,0.97855,0.97875
1301,2023-05-09 00:54:56,0.97856,0.97876
1302,2023-05-09 00:54:59,0.97855,0.97875
1303,2023-05-09 00:55:00,0.97853,0.97873
1305,2023-05-09 00:55:02,0.97854,0.97874
1306,2023-05-09 00:55:03,0.97855,0.97875
1307,2023-05-09 00:55:05,0.97853,0.97873
1308,2023-05-09 00:55:09,0.978515,0.978715
1310,2023-05-09 00:55:10,0.978515,0.978715
1312,2023-05-09 00:55:11,0.978515,0.978715
1314,2023-05-09 00:55:19,0.97852,0.97872
1315,2023-05-09 00:55:20,0.97851,0.97871
1316,2023-05-09 00:55:22,0.97852,0.97872
1317,2023-05-09 00:55:23,0.97853,0.97873
1318,2023-05-09 00:55:24,0.97852,0.97872
1319,2023-05-09 00:55:26,0.97853,0.97873
1322,2023-05-09 00:55:31,0.97852,0.97872
1323,2023-05-09 00:55:51,0.97851,0.97871
1324,2023-05-09 00:55:55,0.9785,0.9787
1325,2023-05-09 00:56:00,0.978505,0.9787049999999999
1327,2023-05-09 00:56:01,0.9785,0.9787
1328,2023-05-09 00:56:03,0.97851,0.97871
1329,2023-05-09 00:56:11,0.97854,0.97874
1330,2023-05-09 00:56:12,0.97853,0.97873
1333,2023-05-09 00:56:14,0.97854,0.97874
1334,2023-05-09 00:56:15,0.97852,0.97872
1335,2023-05-09 00:56:18,0.97853,0.97873
1336,2023-05-09 00:56:19,0.978525,0.9787250000000001
1338,2023-05-09 00:56:20,0.978525,0.9787250000000001
1340,2023-05-09 00:56:21,0.97852,0.97872
1343,2023-05-09 00:56:22,0.978525,0.9787250000000001
1345,2023-05-09 00:56:27,0.97851,0.97871
1346,2023-05-09 00:56:33,0.978525,0.9787250000000001
1348,2023-05-09 00:56:43,0.97851,0.97871
1349,2023-05-09 00:57:00,0.97851,0.97871
1350,2023-05-09 00:57:03,0.97852,0.97872
1351,2023-05-09 00:57:05,0.97851,0.97871
1352,2023-05-09 00:57:14,0.97852,0.97872
1353,2023-05-09 00:57:27,0.97851,0.97871
1354,2023-05-09 00:57:29,0.97852,0.97872
1355,2023-05-09 00:57:32,0.97851,0.97871
1356,2023-05-09 00:57:34,0.97852,0.97872
1357,2023-05-09 00:57:35,0.97851,0.97871
1358,2023-05-09 00:57:36,0.97852,0.97872
1359,2023-05-09 00:57:39,0.97851,0.97871
1360,2023-05-09 00:57:41,0.97853,0.97873
1361,2023-05-09 00:57:42,0.97852,0.97872
1362,2023-05-09 00:57:43,0.97851,0.97871
1363,2023-05-09 00:57:44,0.97852,0.97872
1364,2023-05-09 00:57:52,0.97851,0.97871
1365,2023-05-09 00:57:53,0.97852,0.97872
1366,2023-05-09 00:57:54,0.97851,0.97871
1367,2023-05-09 00:57:55,0.97852,0.97872
1370,2023-05-09 00:57:56,0.97851,0.97871
1371,2023-05-09 00:58:00,0.97851,0.97871
1372,2023-05-09 00:58:16,0.9785,0.9787
1373,2023-05-09 00:58:19,0.97855,0.97875
1374,2023-05-09 00:58:20,0.97856,0.97876
1375,2023-05-09 00:58:24,0.97857,0.97877
1376,2023-05-09 00:58:33,0.97858,0.97878
1377,2023-05-09 00:59:00,0.97858,0.97878
1378,2023-05-09 00:59:05,0.97856,0.97876
1379,2023-05-09 00:59:06,0.97857,0.97877
1382,2023-05-09 00:59:13,0.978565,0.978765
1384,2023-05-09 00:59:34,0.97858,0.97878
1385,2023-05-09 00:59:37,0.978565,0.978765
1387,2023-05-09 00:59:38,0.97857,0.97877
1388,2023-05-09 00:59:47,0.97858,0.97878
1389,2023-05-09 00:59:49,0.978575,0.978775
1391,2023-05-09 00:59:54,0.978575,0.978775
1393,2023-05-09 01:00:00,0.97858,0.97878
1394,2023-05-09 01:00:02,0.97859,0.97879
1395,2023-05-09 01:00:07,0.97858,0.97878
1396,2023-05-09 01:00:12,0.978575,0.978775
1398,2023-05-09 01:00:16,0.97856,0.97876
1399,2023-05-09 01:00:49,0.97857,0.97877
1400,2023-05-09 01:00:56,0.97856,0.97876
1401,2023-05-09 01:00:58,0.978565,0.978765
1403,2023-05-09 01:00:59,0.97857,0.97877
1404,2023-05-09 01:01:00,0.97857,0.97877
1405,2023-05-09 01:01:02,0.97858,0.97878
1406,2023-05-09 01:01:05,0.97857,0.97877
1407,2023-05-09 01:01:10,0.97858,0.97878
1408,2023-05-09 01:01:16,0.97857,0.97877
1409,2023-05-09 01:01:18,0.97858,0.97878
1410,2023-05-09 01:01:19,0.97857,0.97877
1411,2023-05-09 01:01:23,0.97856,0.97876
1412,2023-05-09 01:01:24,0.97857,0.97877
1413,2023-05-09 01:01:31,0.97858,0.97878
1414,2023-05-09 01:01:49,0.97857,0.97877
1415,2023-05-09 01:01:52,0.97858,0.97878
1416,2023-05-09 01:01:59,0.97857,0.97877
1417,2023-05-09 01:02:00,0.97857,0.97877
1418,2023-05-09 01:02:02,0.97855,0.97875
1420,2023-05-09 01:02:20,0.978545,0.978745
1422,2023-05-09 01:02:43,0.97852,0.97872
1423,2023-05-09 01:02:45,0.97853,0.97873
1424,2023-05-09 01:02:46,0.97852,0.97872
1425,2023-05-09 01:02:51,0.97853,0.97873
1426,2023-05-09 01:02:52,0.97852,0.97872
1427,2023-05-09 01:02:58,0.97853,0.97873
1428,2023-05-09 01:03:00,0.97853,0.97873
1429,2023-05-09 01:03:09,0.97854,0.97874
1430,2023-05-09 01:03:14,0.97853,0.97873
1431,2023-05-09 01:03:17,0.97854,0.97874
1432,2023-05-09 01:03:21,0.97853,0.97873
1433,2023-05-09 01:03:26,0.97854,0.97874
1434,2023-05-09 01:03:27,0.97855,0.97875
1435,2023-05-09 01:03:29,0.97856,0.97876
1436,2023-05-09 01:03:32,0.97855,0.97875
1437,2023-05-09 01:03:37,0.97854,0.97874
1438,2023-05-09 01:03:48,0.97855,0.97875
1439,2023-05-09 01:03:55,0.97856,0.97876
1440,2023-05-09 01:04:00,0.97856,0.97876
1441,2023-05-09 01:04:01,0.97855,0.97875
1442,2023-05-09 01:04:02,0.97856,0.97876
1443,2023-05-09 01:04:09,0.97857,0.97877
1444,2023-05-09 01:04:13,0.97858,0.97878
1445,2023-05-09 01:04:16,0.97857,0.97877
1446,2023-05-09 01:04:39,0.97856,0.97876
1447,2023-05-09 01:05:00,0.97856,0.97876
1448,2023-05-09 01:05:08,0.978545,0.978745
1450,2023-05-09 01:05:15,0.9785349999999999,0.978735
1452,2023-05-09 01:05:17,0.97855,0.97875
1453,2023-05-09 01:05:36,0.97856,0.97876
1454,2023-05-09 01:05:43,0.97851,0.97871
1455,2023-05-09 01:05:44,0.9785,0.9787
1456,2023-05-09 01:05:46,0.97851,0.97871
1457,2023-05-09 01:06:00,0.97852,0.97872
1458,2023-05-09 01:06:03,0.9785,0.9787
1459,2023-05-09 01:06:05,0.97851,0.97871
1460,2023-05-09 01:06:07,0.9785,0.9787
1461,2023-05-09 01:06:13,0.97851,0.97871
1464,2023-05-09 01:06:16,0.9785,0.9787
1465,2023-05-09 01:06:28,0.97847,0.97867
1466,2023-05-09 01:06:29,0.97846,0.97866
1467,2023-05-09 01:06:32,0.97847,0.97867
1468,2023-05-09 01:06:33,0.97849,0.97869
1469,2023-05-09 01:06:37,0.9785,0.9787
1470,2023-05-09 01:06:38,0.978495,0.978695
1472,2023-05-09 01:06:41,0.97849,0.97869
1473,2023-05-09 01:06:42,0.9785,0.9787
1474,2023-05-09 01:07:00,0.97849,0.97869
1477,2023-05-09 01:07:20,0.9785,0.9787
1478,2023-05-09 01:07:21,0.97849,0.97869
1479,2023-05-09 01:07:25,0.97851,0.97871
1480,2023-05-09 01:07:27,0.97852,0.97872
1481,2023-05-09 01:07:33,0.978515,0.978715
1483,2023-05-09 01:07:37,0.97851,0.97871
1484,2023-05-09 01:07:40,0.97852,0.97872
1485,2023-05-09 01:07:41,0.97851,0.97871
1486,2023-05-09 01:07:42,0.97852,0.97872
1487,2023-05-09 01:07:43,0.97851,0.97871
1488,2023-05-09 01:07:47,0.978515,0.978715
1490,2023-05-09 01:07:48,0.97852,0.97872
1491,2023-05-09 01:07:49,0.978515,0.978715
1493,2023-05-09 01:07:50,0.97851,0.97871
1494,2023-05-09 01:07:51,0.97852,0.97872
1495,2023-05-09 01:07:53,0.97851,0.97871
1496,2023-05-09 01:08:00,0.978515,0.978715
1498,2023-05-09 01:08:08,0.97852,0.97872
1499,2023-05-09 01:08:10,0.97851,0.97871
1500,2023-05-09 01:08:11,0.97852,0.97872
1501,2023-05-09 01:08:13,0.97851,0.97871
1502,2023-05-09 01:08:14,0.97852,0.97872
1503,2023-05-09 01:08:15,0.97853,0.97873
1504,2023-05-09 01:08:20,0.97852,0.97872
1505,2023-05-09 01:08:30,0.9785349999999999,0.978735
1507,2023-05-09 01:08:35,0.97854,0.97874
1508,2023-05-09 01:08:38,0.97852,0.97872
1509,2023-05-09 01:08:42,0.9785349999999999,0.978735
1511,2023-05-09 01:08:43,0.97853,0.97873
1512,2023-05-09 01:09:00,0.97853,0.97873
1513,2023-05-09 01:09:09,0.978525,0.9787250000000001
1515,2023-05-09 01:09:10,0.97854,0.97874
1516,2023-05-09 01:09:11,0.97853,0.97873
1517,2023-05-09 01:09:15,0.97854,0.97874
1518,2023-05-09 01:09:16,0.97853,0.97873
1519,2023-05-09 01:09:17,0.97854,0.97874
1520,2023-05-09 01:09:19,0.97853,0.97873
1521,2023-05-09 01:09:20,0.97854,0.97874
1522,2023-05-09 01:09:21,0.97853,0.97873
1523,2023-05-09 01:09:23,0.9785349999999999,0.978735
1525,2023-05-09 01:09:25,0.97854,0.97874
1526,2023-05-09 01:09:31,0.97855,0.97875
1527,2023-05-09 01:09:36,0.978545,0.978745
1529,2023-05-09 01:09:38,0.97854,0.97874
1530,2023-05-09 01:09:39,0.97855,0.97875
1531,2023-05-09 01:09:46,0.97854,0.97874
1532,2023-05-09 01:09:48,0.97855,0.97875
1533,2023-05-09 01:09:52,0.97854,0.97874
1534,2023-05-09 01:09:53,0.97855,0.97875
1535,2023-05-09 01:10:00,0.97855,0.97875
1536,2023-05-09 01:10:02,0.97857,0.97877
1537,2023-05-09 01:10:09,0.97856,0.97876
1538,2023-05-09 01:10:22,0.97855,0.97875
1539,2023-05-09 01:10:23,0.97856,0.97876
1540,2023-05-09 01:10:29,0.97857,0.97877
1541,2023-05-09 01:10:34,0.97856,0.97876
1542,2023-05-09 01:10:42,0.97854,0.97874
1543,2023-05-09 01:10:51,0.978525,0.9787250000000001
1545,2023-05-09 01:10:52,0.97853,0.97873
1546,2023-05-09 01:10:56,0.9785349999999999,0.978735
1548,2023-05-09 01:11:00,0.97853,0.97873
1549,2023-05-09 01:11:10,0.97854,0.97874
1550,2023-05-09 01:11:33,0.97853,0.97873
1551,2023-05-09 01:11:34,0.97854,0.97874
1552,2023-05-09 01:11:36,0.97853,0.97873
1553,2023-05-09 01:11:47,0.97852,0.97872
1554,2023-05-09 01:11:49,0.97853,0.97873
1555,2023-05-09 01:12:00,0.97853,0.97873
1556,2023-05-09 01:12:04,0.97852,0.97872
1557,2023-05-09 01:12:06,0.97853,0.97873
1558,2023-05-09 01:12:07,0.97852,0.97872
1559,2023-05-09 01:12:11,0.978515,0.978715
1561,2023-05-09 01:12:12,0.97851,0.97871
1562,2023-05-09 01:12:14,0.9785,0.9787
1563,2023-05-09 01:12:15,0.97851,0.97871
1564,2023-05-09 01:12:18,0.978495,0.978695
1566,2023-05-09 01:12:23,0.9785,0.9787
1567,2023-05-09 01:12:24,0.97851,0.97871
1568,2023-05-09 01:12:27,0.9785,0.9787
1569,2023-05-09 01:12:39,0.97849,0.97869
1570,2023-05-09 01:12:44,0.9785,0.9787
1571,2023-05-09 01:12:46,0.97849,0.97869
1572,2023-05-09 01:12:47,0.9785,0.9787
1573,2023-05-09 01:12:52,0.97849,0.97869
1574,2023-05-09 01:12:59,0.9785,0.9787
1575,2023-05-09 01:13:00,0.9785,0.9787
1576,2023-05-09 01:13:01,0.97849,0.97869
1577,2023-05-09 01:13:02,0.9785,0.9787
1578,2023-05-09 01:13:06,0.97851,0.97871
1579,2023-05-09 01:13:07,0.9785,0.9787
1580,2023-05-09 01:13:21,0.97849,0.97869
1581,2023-05-09 01:13:22,0.9785,0.9787
1582,2023-05-09 01:13:27,0.97849,0.97869
1583,2023-05-09 01:13:44,0.97848,0.97868
1584,2023-05-09 01:14:00,0.97848,0.97868
1585,2023-05-09 01:14:05,0.9784999999999999,0.9786999999999999
1587,2023-05-09 01:14:10,0.9785,0.9787
1588,2023-05-09 01:14:13,0.97852,0.97872
1589,2023-05-09 01:14:16,0.9785349999999999,0.978735
1591,2023-05-09 01:14:17,0.97853,0.97873
1592,2023-05-09 01:14:22,0.97852,0.97872
1593,2023-05-09 01:14:23,0.97851,0.97871
1594,2023-05-09 01:14:25,0.97849,0.97869
1595,2023-05-09 01:14:31,0.9785,0.9787
1596,2023-05-09 01:14:34,0.97849,0.97869
1597,2023-05-09 01:14:35,0.97848,0.97868
1598,2023-05-09 01:14:39,0.978475,0.978675
1600,2023-05-09 01:14:42,0.97847,0.97867
1601,2023-05-09 01:14:44,0.97848,0.97868
1602,2023-05-09 01:14:45,0.978505,0.9787049999999999
1604,2023-05-09 01:14:48,0.97851,0.97871
1605,2023-05-09 01:14:53,0.97852,0.97872
1606,2023-05-09 01:14:55,0.97851,0.97871
1607,2023-05-09 01:15:00,0.978505,0.9787049999999999
1611,2023-05-09 01:15:01,0.97849,0.97869
1612,2023-05-09 01:15:04,0.97851,0.97871
1613,2023-05-09 01:15:06,0.978485,0.978685
1615,2023-05-09 01:15:11,0.97849,0.97869
1616,2023-05-09 01:15:14,0.97848,0.97868
1617,2023-05-09 01:15:17,0.97849,0.97869
1618,2023-05-09 01:15:21,0.9785,0.9787
1619,2023-05-09 01:15:23,0.97849,0.97869
1620,2023-05-09 01:15:41,0.97848,0.97868
1621,2023-05-09 01:15:45,0.97847,0.97867
1622,2023-05-09 01:15:47,0.97849,0.97869
1623,2023-05-09 01:15:48,0.97848,0.97868
1624,2023-05-09 01:15:52,0.9784649999999999,0.978665
1626,2023-05-09 01:15:55,0.97848,0.97868
1627,2023-05-09 01:16:00,0.9784900000000001,0.9786900000000001
1629,2023-05-09 01:16:05,0.97849,0.97869
1630,2023-05-09 01:16:08,0.9785,0.9787
1631,2023-05-09 01:16:17,0.97851,0.97871
1632,2023-05-09 01:16:18,0.9785,0.9787
1633,2023-05-09 01:16:28,0.97849,0.97869
1634,2023-05-09 01:16:36,0.978495,0.978695
1636,2023-05-09 01:16:38,0.9785,0.9787
1637,2023-05-09 01:16:39,0.97849,0.97869
1638,2023-05-09 01:16:40,0.9785,0.9787
1639,2023-05-09 01:16:41,0.978495,0.978695
1641,2023-05-09 01:17:00,0.9785,0.9787
1642,2023-05-09 01:17:21,0.97851,0.97871
1643,2023-05-09 01:17:22,0.978515,0.978715
1645,2023-05-09 01:17:45,0.978505,0.9787049999999999
1647,2023-05-09 01:17:49,0.9785,0.9787
1650,2023-05-09 01:17:52,0.97851,0.97871
1651,2023-05-09 01:17:53,0.97852,0.97872
1652,2023-05-09 01:17:58,0.97853,0.97873
1653,2023-05-09 01:17:59,0.97852,0.97872
1654,2023-05-09 01:18:00,0.97852,0.97872
1655,2023-05-09 01:18:01,0.97849,0.97869
1656,2023-05-09 01:18:06,0.9785,0.9787
1657,2023-05-09 01:18:08,0.97849,0.97869
1658,2023-05-09 01:18:09,0.97848,0.97868
1659,2023-05-09 01:18:10,0.97847,0.97867
1660,2023-05-09 01:18:12,0.9784550000000001,0.978655
1662,2023-05-09 01:18:17,0.97844,0.97864
1663,2023-05-09 01:18:18,0.97843,0.97863
1664,2023-05-09 01:18:26,0.97844,0.97864
1665,2023-05-09 01:18:36,0.97845,0.97865
1666,2023-05-09 01:18:40,0.97844,0.97864
1667,2023-05-09 01:18:49,0.97843,0.97863
1668,2023-05-09 01:18:58,0.9784349999999999,0.9786349999999999
1670,2023-05-09 01:18:59,0.97844,0.97864
1671,2023-05-09 01:19:00,0.97845,0.97865
1672,2023-05-09 01:19:06,0.97846,0.97866
1673,2023-05-09 01:19:07,0.97845,0.97865
1674,2023-05-09 01:19:17,0.97844,0.97864
1675,2023-05-09 01:19:18,0.97846,0.97866
1676,2023-05-09 01:19:20,0.97845,0.97865
1677,2023-05-09 01:19:35,0.97846,0.97866
1678,2023-05-09 01:19:43,0.9784649999999999,0.978665
1680,2023-05-09 01:19:44,0.97847,0.97867
1681,2023-05-09 01:19:46,0.97846,0.97866
1682,2023-05-09 01:19:47,0.97847,0.97867
1683,2023-05-09 01:19:48,0.978475,0.978675
1685,2023-05-09 01:19:49,0.97843,0.97863
1688,2023-05-09 01:19:54,0.97842,0.97862
1689,2023-05-09 01:19:57,0.97843,0.97863
1690,2023-05-09 01:20:00,0.97842,0.97862
1693,2023-05-09 01:20:03,0.97842,0.97862
1694,2023-05-09 01:20:04,0.978445,0.978645
1696,2023-05-09 01:20:06,0.97844,0.97864
1697,2023-05-09 01:20:08,0.9784349999999999,0.9786349999999999
1699,2023-05-09 01:20:12,0.97843,0.97863
1700,2023-05-09 01:20:14,0.97842,0.97862
1701,2023-05-09 01:20:15,0.97843,0.97863
1702,2023-05-09 01:20:17,0.9784550000000001,0.978655
1704,2023-05-09 01:20:19,0.97847,0.97867
1705,2023-05-09 01:20:20,0.9784550000000001,0.978655
1707,2023-05-09 01:20:21,0.978445,0.978645
1709,2023-05-09 01:20:24,0.97844,0.97864
1710,2023-05-09 01:20:27,0.97843,0.97863
1711,2023-05-09 01:20:28,0.97844,0.97864
1712,2023-05-09 01:20:30,0.97843,0.97863
1713,2023-05-09 01:20:33,0.97844,0.97864
1714,2023-05-09 01:20:34,0.97844,0.97864
1716,2023-05-09 01:20:35,0.97842,0.97862
1717,2023-05-09 01:20:41,0.97844,0.97864
1718,2023-05-09 01:20:42,0.97842,0.97862
1719,2023-05-09 01:20:43,0.97844,0.97864
1720,2023-05-09 01:20:44,0.97843,0.97863
1721,2023-05-09 01:20:49,0.97842,0.97862
1722,2023-05-09 01:20:56,0.9784349999999999,0.9786349999999999
1724,2023-05-09 01:21:00,0.97844,0.97864
1725,2023-05-09 01:21:02,0.9784349999999999,0.9786349999999999
1727,2023-05-09 01:21:05,0.9784349999999999,0.9786349999999999
1729,2023-05-09 01:21:08,0.97847,0.97867
1732,2023-05-09 01:21:09,0.97846,0.97866
1733,2023-05-09 01:21:11,0.97845,0.97865
1734,2023-05-09 01:21:15,0.97847,0.97867
1735,2023-05-09 01:21:19,0.978485,0.978685
1737,2023-05-09 01:21:21,0.97848,0.97868
1738,2023-05-09 01:21:24,0.97847,0.97867
1739,2023-05-09 01:21:25,0.97848,0.97868
1740,2023-05-09 01:21:26,0.97847,0.97867
1741,2023-05-09 01:21:27,0.97848,0.97868
1742,2023-05-09 01:21:28,0.97847,0.97867
1743,2023-05-09 01:21:34,0.97846,0.97866
1744,2023-05-09 01:21:39,0.97847,0.97867
1745,2023-05-09 01:21:40,0.97846,0.97866
1746,2023-05-09 01:21:43,0.9784649999999999,0.978665
1748,2023-05-09 01:21:51,0.97847,0.97867
1749,2023-05-09 01:21:58,0.97846,0.97866
1750,2023-05-09 01:22:00,0.97846,0.97866
1751,2023-05-09 01:22:11,0.97848,0.97868
1753,2023-05-09 01:22:15,0.97848,0.97868
1754,2023-05-09 01:22:16,0.97847,0.97867
1755,2023-05-09 01:22:20,0.97848,0.97868
1756,2023-05-09 01:22:23,0.978475,0.978675
1758,2023-05-09 01:22:24,0.97849,0.97869
1759,2023-05-09 01:22:27,0.9785,0.9787
1760,2023-05-09 01:22:30,0.97849,0.97869
1761,2023-05-09 01:22:35,0.97848,0.97868
1762,2023-05-09 01:22:59,0.97847,0.97867
1763,2023-05-09 01:23:00,0.97847,0.97867
1764,2023-05-09 01:23:06,0.97846,0.97866
1765,2023-05-09 01:23:16,0.97847,0.97867
1766,2023-05-09 01:23:17,0.97848,0.97868
1767,2023-05-09 01:23:19,0.97849,0.97869
1768,2023-05-09 01:23:21,0.97848,0.97868
1769,2023-05-09 01:23:41,0.97847,0.97867
1770,2023-05-09 01:23:50,0.97848,0.97868
1771,2023-05-09 01:24:00,0.97848,0.97868
1772,2023-05-09 01:24:02,0.97849,0.97869
1773,2023-05-09 01:24:11,0.97848,0.97868
1774,2023-05-09 01:24:22,0.97849,0.97869
1775,2023-05-09 01:24:23,0.97848,0.97868
1776,2023-05-09 01:24:34,0.97849,0.97869
1777,2023-05-09 01:24:35,0.97851,0.97871
1778,2023-05-09 01:24:37,0.9785,0.9787
1779,2023-05-09 01:24:41,0.97849,0.97869
1780,2023-05-09 01:24:44,0.97848,0.97868
1781,2023-05-09 01:24:45,0.97849,0.97869
1782,2023-05-09 01:24:46,0.97848,0.97868
1783,2023-05-09 01:24:49,0.97849,0.97869
1784,2023-05-09 01:24:58,0.9785,0.9787
1785,2023-05-09 01:24:59,0.97849,0.97869
1786,2023-05-09 01:25:00,0.9784999999999999,0.9786999999999999
1788,2023-05-09 01:25:01,0.9785,0.9787
1789,2023-05-09 01:25:08,0.97852,0.97872
1790,2023-05-09 01:25:09,0.97851,0.97871
1791,2023-05-09 01:25:13,0.9785,0.9787
1792,2023-05-09 01:25:15,0.97849,0.97869
1793,2023-05-09 01:25:16,0.97851,0.97871
1796,2023-05-09 01:25:19,0.97849,0.97869
1797,2023-05-09 01:25:23,0.978495,0.978695
1799,2023-05-09 01:25:24,0.978495,0.978695
1801,2023-05-09 01:25:27,0.9785,0.9787
1802,2023-05-09 01:25:36,0.97851,0.97871
1803,2023-05-09 01:25:48,0.978515,0.978715
1805,2023-05-09 01:25:49,0.9785,0.9787
1806,2023-05-09 01:25:50,0.97852,0.97872
1807,2023-05-09 01:25:52,0.97853,0.97873
1808,2023-05-09 01:25:53,0.97852,0.97872
1809,2023-05-09 01:25:57,0.978515,0.978715
1811,2023-05-09 01:25:58,0.978515,0.978715
1813,2023-05-09 01:26:00,0.97852,0.97872
1814,2023-05-09 01:26:02,0.978515,0.978715
1816,2023-05-09 01:26:03,0.97851,0.97871
1817,2023-05-09 01:26:12,0.9785,0.9787
1818,2023-05-09 01:26:21,0.97851,0.97871
1819,2023-05-09 01:26:22,0.9785,0.9787
1820,2023-05-09 01:26:46,0.97849,0.97869
1821,2023-05-09 01:26:53,0.9785,0.9787
1822,2023-05-09 01:27:00,0.9785,0.9787
1823,2023-05-09 01:27:03,0.97848,0.97868
1824,2023-05-09 01:27:06,0.97849,0.97869
1825,2023-05-09 01:27:07,0.97848,0.97868
1826,2023-05-09 01:27:09,0.97849,0.97869
1827,2023-05-09 01:27:10,0.97848,0.97868
1828,2023-05-09 01:27:40,0.97847,0.97867
1829,2023-05-09 01:27:41,0.97848,0.97868
1830,2023-05-09 01:27:44,0.97849,0.97869
1831,2023-05-09 01:27:45,0.97848,0.97868
1832,2023-05-09 01:27:46,0.978485,0.978685
1834,2023-05-09 01:27:48,0.97849,0.97869
1835,2023-05-09 01:27:49,0.978485,0.978685
1837,2023-05-09 01:27:50,0.978485,0.978685
1839,2023-05-09 01:27:52,0.97848,0.97868
1840,2023-05-09 01:27:53,0.97849,0.97869
1841,2023-05-09 01:27:55,0.97848,0.97868
1842,2023-05-09 01:28:00,0.97848,0.97868
1843,2023-05-09 01:28:07,0.97849,0.97869
1844,2023-05-09 01:28:11,0.97848,0.97868
1845,2023-05-09 01:28:13,0.978495,0.978695
1847,2023-05-09 01:28:17,0.978505,0.9787049999999999
1849,2023-05-09 01:28:23,0.97849,0.97869
1850,2023-05-09 01:28:25,0.9785,0.9787
1851,2023-05-09 01:28:27,0.97852,0.97872
1852,2023-05-09 01:28:31,0.97851,0.97871
1853,2023-05-09 01:29:00,0.97851,0.97871
1854,2023-05-09 01:29:26,0.97852,0.97872
1855,2023-05-09 01:29:28,0.97851,0.97871
1856,2023-05-09 01:29:36,0.97852,0.97872
1857,2023-05-09 01:29:50,0.97854,0.97874
1858,2023-05-09 01:29:53,0.9785349999999999,0.978735
1860,2023-05-09 01:29:56,0.97853,0.97873
1861,2023-05-09 01:29:58,0.97854,0.97874
1862,2023-05-09 01:29:59,0.97853,0.97873
1863,2023-05-09 01:30:00,0.97853,0.97873
1864,2023-05-09 01:30:01,0.97854,0.97874
1865,2023-05-09 01:30:07,0.97855,0.97875
1866,2023-05-09 01:30:08,0.97854,0.97874
1867,2023-05-09 01:30:49,0.97853,0.97873
1868,2023-05-09 01:31:00,0.97853,0.97873
1869,2023-05-09 01:31:08,0.97854,0.97874
1870,2023-05-09 01:31:11,0.97853,0.97873
1871,2023-05-09 01:31:12,0.9785349999999999,0.978735
1873,2023-05-09 01:31:22,0.97854,0.97874
1874,2023-05-09 01:31:32,0.97853,0.97873
1875,2023-05-09 01:31:36,0.97854,0.97874
1876,2023-05-09 01:31:38,0.97853,0.97873
1877,2023-05-09 01:31:47,0.97854,0.97874
1878,2023-05-09 01:31:53,0.97853,0.97873
1879,2023-05-09 01:31:59,0.97852,0.97872
1880,2023-05-09 01:32:00,0.97852,0.97872
1881,2023-05-09 01:32:33,0.9785,0.9787
1882,2023-05-09 01:32:43,0.97851,0.97871
1883,2023-05-09 01:32:46,0.978515,0.978715
1885,2023-05-09 01:32:47,0.97852,0.97872
1886,2023-05-09 01:32:51,0.97851,0.97871
1887,2023-05-09 01:32:52,0.97852,0.97872
1888,2023-05-09 01:32:53,0.978515,0.978715
1890,2023-05-09 01:33:00,0.97852,0.97872
1891,2023-05-09 01:33:01,0.978505,0.9787049999999999
1893,2023-05-09 01:33:02,0.978455,0.978655
1895,2023-05-09 01:33:07,0.97843,0.97863
1896,2023-05-09 01:33:11,0.97842,0.97862
1897,2023-05-09 01:33:20,0.978405,0.978605
1899,2023-05-09 01:33:24,0.978395,0.978595
1901,2023-05-09 01:33:30,0.97838,0.97858
1902,2023-05-09 01:33:31,0.97837,0.97857
1903,2023-05-09 01:33:48,0.97836,0.97856
1904,2023-05-09 01:33:58,0.97837,0.97857
1905,2023-05-09 01:34:00,0.97837,0.97857
1906,2023-05-09 01:34:15,0.97836,0.97856
1907,2023-05-09 01:34:16,0.97837,0.97857
1908,2023-05-09 01:34:20,0.97838,0.97858
1909,2023-05-09 01:34:22,0.97839,0.97859
1910,2023-05-09 01:34:24,0.9783900000000001,0.9785900000000001
1912,2023-05-09 01:34:34,0.97841,0.97861
1913,2023-05-09 01:34:35,0.9784,0.9786
1914,2023-05-09 01:34:37,0.97841,0.97861
1915,2023-05-09 01:34:41,0.9784,0.9786
1916,2023-05-09 01:35:00,0.9784,0.9786
1919,2023-05-09 01:35:01,0.97838,0.97858
1920,2023-05-09 01:35:16,0.97839,0.97859
1921,2023-05-09 01:35:17,0.97838,0.97858
1922,2023-05-09 01:35:24,0.97839,0.97859
1923,2023-05-09 01:35:26,0.97838,0.97858
1924,2023-05-09 01:35:34,0.97839,0.97859
1925,2023-05-09 01:35:35,0.9783850000000001,0.978585
1927,2023-05-09 01:35:37,0.9783850000000001,0.978585
1929,2023-05-09 01:35:38,0.97838,0.97858
1930,2023-05-09 01:35:39,0.97839,0.97859
1931,2023-05-09 01:35:41,0.97838,0.97858
1934,2023-05-09 01:35:46,0.97838,0.97858
1936,2023-05-09 01:35:53,0.97836,0.97856
1937,2023-05-09 01:35:56,0.97837,0.97857
1938,2023-05-09 01:35:59,0.97836,0.97856
1939,2023-05-09 01:36:00,0.97836,0.97856
1940,2023-05-09 01:36:11,0.97835,0.97855
1941,2023-05-09 01:36:12,0.97834,0.97854
1942,2023-05-09 01:36:13,0.97835,0.97855
1943,2023-05-09 01:36:22,0.97833,0.97853
1944,2023-05-09 01:36:23,0.97834,0.97854
1945,2023-05-09 01:36:26,0.97833,0.97853
1946,2023-05-09 01:36:31,0.97834,0.97854
1947,2023-05-09 01:36:42,0.978325,0.978525
1949,2023-05-09 01:36:43,0.97831,0.97851
1950,2023-05-09 01:36:48,0.9783,0.9785
1951,2023-05-09 01:36:49,0.97831,0.97851
1952,2023-05-09 01:36:50,0.9783,0.9785
1953,2023-05-09 01:36:57,0.97831,0.97851
1954,2023-05-09 01:37:00,0.97831,0.97851
1955,2023-05-09 01:37:05,0.97832,0.97852
1956,2023-05-09 01:37:09,0.97833,0.97853
1957,2023-05-09 01:37:17,0.97834,0.97854
1958,2023-05-09 01:37:18,0.97839,0.97859
1959,2023-05-09 01:37:21,0.97838,0.97858
1960,2023-05-09 01:37:35,0.97839,0.97859
1961,2023-05-09 01:37:36,0.9783850000000001,0.978585
1963,2023-05-09 01:37:37,0.97838,0.97858
1964,2023-05-09 01:37:47,0.9784,0.9786
1965,2023-05-09 01:37:49,0.97838,0.97858
1966,2023-05-09 01:37:51,0.97839,0.97859
1967,2023-05-09 01:37:58,0.9784,0.9786
1968,2023-05-09 01:38:00,0.9784,0.9786
1969,2023-05-09 01:38:01,0.97839,0.97859
1970,2023-05-09 01:38:04,0.97838,0.97858
1971,2023-05-09 01:38:05,0.9783850000000001,0.978585
1973,2023-05-09 01:38:08,0.97837,0.97857
1974,2023-05-09 01:38:10,0.97837,0.9785699999999999
1976,2023-05-09 01:38:11,0.9783649999999999,0.978565
1978,2023-05-09 01:38:13,0.97837,0.97857
1979,2023-05-09 01:38:14,0.97836,0.97856
1982,2023-05-09 01:38:15,0.9783649999999999,0.978565
1984,2023-05-09 01:38:17,0.97839,0.97859
1985,2023-05-09 01:38:38,0.97837,0.97857
1986,2023-05-09 01:38:40,0.97838,0.97858
1987,2023-05-09 01:38:41,0.97837,0.97857
1988,2023-05-09 01:38:42,0.97838,0.97858
1989,2023-05-09 01:38:45,0.97837,0.97857
1990,2023-05-09 01:39:00,0.97838,0.97858
1991,2023-05-09 01:39:05,0.97837,0.97857
1992,2023-05-09 01:39:21,0.97836,0.97856
1993,2023-05-09 01:39:28,0.97835,0.97855
1994,2023-05-09 01:39:29,0.9783649999999999,0.978565
1996,2023-05-09 01:39:30,0.97836,0.97856
1997,2023-05-09 01:39:33,0.9783649999999999,0.978565
1999,2023-05-09 01:39:44,0.97834,0.97854
2000,2023-05-09 01:39:46,0.97833,0.97853
2001,2023-05-09 01:39:48,0.97835,0.97855
2002,2023-05-09 01:39:50,0.97834,0.97854
2003,2023-05-09 01:39:53,0.978325,0.978525
2005,2023-05-09 01:39:54,0.97832,0.97852
2006,2023-05-09 01:40:00,0.97833,0.97853
2007,2023-05-09 01:40:01,0.97834,0.97854
2008,2023-05-09 01:40:04,0.978325,0.978525
2010,2023-05-09 01:40:06,0.97833,0.97853
2011,2023-05-09 01:40:11,0.97832,0.97852
2012,2023-05-09 01:40:30,0.97833,0.97853
2013,2023-05-09 01:40:53,0.97832,0.97852
2014,2023-05-09 01:40:55,0.97833,0.97853
2015,2023-05-09 01:40:59,0.97832,0.97852
2016,2023-05-09 01:41:00,0.978325,0.978525
2018,2023-05-09 01:41:02,0.97834,0.97854
2019,2023-05-09 01:41:10,0.97835,0.97855
2020,2023-05-09 01:41:12,0.97834,0.97854
2021,2023-05-09 01:41:13,0.97836,0.97856
2022,2023-05-09 01:41:15,0.97835,0.97855
2023,2023-05-09 01:41:27,0.978345,0.978545
2025,2023-05-09 01:41:30,0.97836,0.97856
2026,2023-05-09 01:41:32,0.9783550000000001,0.9785550000000001
2028,2023-05-09 01:41:38,0.97835,0.97855
2029,2023-05-09 01:41:42,0.97837,0.97857
2030,2023-05-09 01:41:51,0.978345,0.978545
2032,2023-05-09 01:41:52,0.97834,0.97854
2033,2023-05-09 01:41:53,0.97835,0.97855
2034,2023-05-09 01:41:55,0.97834,0.97854
2035,2023-05-09 01:42:00,0.978345,0.978545
2037,2023-05-09 01:42:01,0.978335,0.9785349999999999
2039,2023-05-09 01:42:02,0.97832,0.97852
2040,2023-05-09 01:42:03,0.97833,0.97853
2041,2023-05-09 01:42:09,0.97834,0.97854
2042,2023-05-09 01:42:11,0.9783550000000001,0.9785550000000001
2044,2023-05-09 01:42:12,0.97835,0.97855
2045,2023-05-09 01:42:14,0.97834,0.97854
2046,2023-05-09 01:42:23,0.978325,0.978525
2048,2023-05-09 01:42:30,0.97833,0.97853
2049,2023-05-09 01:42:32,0.97832,0.97852
2050,2023-05-09 01:42:34,0.97833,0.97853
2051,2023-05-09 01:42:52,0.97834,0.97854
2052,2023-05-09 01:43:00,0.97834,0.97854
2053,2023-05-09 01:43:01,0.97833,0.97853
2054,2023-05-09 01:43:08,0.97832,0.97852
2055,2023-05-09 01:43:09,0.97833,0.97853
2056,2023-05-09 01:43:11,0.97832,0.97852
2057,2023-05-09 01:43:24,0.978315,0.978515
2059,2023-05-09 01:43:27,0.97833,0.97853
2060,2023-05-09 01:43:29,0.97836,0.97856
2061,2023-05-09 01:43:31,0.97834,0.97854
2062,2023-05-09 01:43:32,0.97835,0.97855
2063,2023-05-09 01:43:34,0.978345,0.978545
2065,2023-05-09 01:43:35,0.97834,0.97854
2066,2023-05-09 01:43:36,0.97835,0.97855
2067,2023-05-09 01:43:37,0.97836,0.97856
2068,2023-05-09 01:43:38,0.97835,0.97855
2069,2023-05-09 01:43:39,0.97836,0.97856
2070,2023-05-09 01:43:40,0.97833,0.97853
2071,2023-05-09 01:43:42,0.97834,0.97854
2072,2023-05-09 01:43:44,0.97833,0.97853
2073,2023-05-09 01:43:51,0.97835,0.97855
2074,2023-05-09 01:43:54,0.97836,0.97856
2075,2023-05-09 01:43:58,0.97837,0.97857
2076,2023-05-09 01:44:00,0.97837,0.97857
2077,2023-05-09 01:44:01,0.97838,0.97858
2078,2023-05-09 01:44:04,0.97837,0.97857
2079,2023-05-09 01:44:09,0.97838,0.97858
2080,2023-05-09 01:44:11,0.97839,0.97859
2081,2023-05-09 01:44:26,0.97841,0.97861
2082,2023-05-09 01:44:27,0.9784,0.9786
2083,2023-05-09 01:44:28,0.9784200000000001,0.97862
2085,2023-05-09 01:44:29,0.97842,0.97862
2086,2023-05-09 01:44:47,0.97843,0.97863
2087,2023-05-09 01:44:49,0.97842,0.97862
2088,2023-05-09 01:45:00,0.97843,0.97863
2089,2023-05-09 01:45:14,0.97844,0.97864
2090,2023-05-09 01:45:29,0.978445,0.978645
2092,2023-05-09 01:45:33,0.97845,0.97865
2093,2023-05-09 01:45:42,0.97844,0.97864
2094,2023-05-09 01:45:45,0.97845,0.97865
2095,2023-05-09 01:46:00,0.97845,0.97865
2096,2023-05-09 01:46:01,0.97844,0.97864
2097,2023-05-09 01:46:02,0.97845,0.97865
2098,2023-05-09 01:46:06,0.97844,0.97864
2099,2023-05-09 01:46:12,0.97845,0.97865
2100,2023-05-09 01:46:14,0.97844,0.97864
2101,2023-05-09 01:46:49,0.97845,0.97865
2102,2023-05-09 01:46:51,0.97844,0.97864
2103,2023-05-09 01:46:58,0.97845,0.97865
2104,2023-05-09 01:47:00,0.97844,0.97864
2105,2023-05-09 01:47:02,0.97843,0.97863
2106,2023-05-09 01:47:07,0.97842,0.97862
2107,2023-05-09 01:47:09,0.9783999999999999,0.9785999999999999
2109,2023-05-09 01:47:10,0.97838,0.97858
2110,2023-05-09 01:47:11,0.97837,0.97857
2111,2023-05-09 01:47:15,0.978375,0.978575
2113,2023-05-09 01:47:27,0.97836,0.97856
2114,2023-05-09 01:47:30,0.97835,0.97855
2115,2023-05-09 01:47:36,0.97836,0.97856
2116,2023-05-09 01:47:37,0.97834,0.97854
2117,2023-05-09 01:47:53,0.97836,0.97856
2118,2023-05-09 01:47:56,0.97834,0.97854
2119,2023-05-09 01:47:57,0.97833,0.97853
2120,2023-05-09 01:47:58,0.97834,0.97854
2121,2023-05-09 01:47:59,0.97833,0.97853
2122,2023-05-09 01:48:00,0.97833,0.97853
2123,2023-05-09 01:48:03,0.978345,0.978545
2125,2023-05-09 01:48:14,0.97834,0.97854
2126,2023-05-09 01:48:20,0.978345,0.978545
2128,2023-05-09 01:48:22,0.97833,0.97853
2129,2023-05-09 01:48:30,0.97832,0.97852
2130,2023-05-09 01:48:32,0.978325,0.978525
2132,2023-05-09 01:48:33,0.978325,0.978525
2134,2023-05-09 01:48:35,0.97833,0.97853
2135,2023-05-09 01:48:36,0.97832,0.97852
2136,2023-05-09 01:48:43,0.97831,0.97851
2137,2023-05-09 01:49:00,0.97831,0.97851
2138,2023-05-09 01:49:18,0.9783,0.9785
2139,2023-05-09 01:49:21,0.97829,0.97849
2140,2023-05-09 01:49:23,0.9782949999999999,0.978495
2142,2023-05-09 01:49:27,0.97831,0.97851
2143,2023-05-09 01:49:36,0.978315,0.978515
2145,2023-05-09 01:49:37,0.97832,0.97852
2146,2023-05-09 01:49:44,0.97833,0.97853
2147,2023-05-09 01:49:49,0.978325,0.978525
2149,2023-05-09 01:49:58,0.97835,0.97855
2150,2023-05-09 01:49:59,0.97834,0.97854
2151,2023-05-09 01:50:00,0.97835,0.97855
2152,2023-05-09 01:50:02,0.97834,0.97854
2153,2023-05-09 01:50:03,0.97835,0.97855
2154,2023-05-09 01:50:06,0.97834,0.97854
2155,2023-05-09 01:50:09,0.97835,0.97855
2156,2023-05-09 01:50:10,0.97834,0.97854
2157,2023-05-09 01:50:19,0.97835,0.97855
2158,2023-05-09 01:50:27,0.97834,0.97854
2159,2023-05-09 01:50:32,0.9783649999999999,0.978565
2161,2023-05-09 01:50:41,0.97838,0.97858
2162,2023-05-09 01:50:42,0.97837,0.97857
2163,2023-05-09 01:50:44,0.97838,0.97858
2164,2023-05-09 01:50:45,0.97837,0.97857
2165,2023-05-09 01:50:48,0.97837,0.9785699999999999
2167,2023-05-09 01:50:52,0.97838,0.97858
2168,2023-05-09 01:50:54,0.9784,0.9786
2169,2023-05-09 01:50:58,0.97841,0.97861
2170,2023-05-09 01:50:59,0.9784,0.9786
2171,2023-05-09 01:51:00,0.978405,0.978605
2173,2023-05-09 01:51:01,0.97842,0.97862
2174,2023-05-09 01:51:04,0.97843,0.97863
2177,2023-05-09 01:51:08,0.97842,0.97862
2178,2023-05-09 01:51:09,0.97843,0.97863
2179,2023-05-09 01:51:10,0.97842,0.97862
2180,2023-05-09 01:51:31,0.97841,0.97861
2181,2023-05-09 01:51:37,0.9784,0.9786
2182,2023-05-09 01:51:40,0.978405,0.978605
2184,2023-05-09 01:51:42,0.97839,0.97859
2185,2023-05-09 01:51:47,0.9784,0.9786
2186,2023-05-09 01:51:54,0.97839,0.97859
2187,2023-05-09 01:52:00,0.97839,0.97859
2188,2023-05-09 01:52:54,0.97839,0.97859
2189,2023-05-09 01:52:57,0.9784,0.9786
2190,2023-05-09 01:53:00,0.9783900000000001,0.9785900000000001
2192,2023-05-09 01:53:09,0.97837,0.97857
2193,2023-05-09 01:53:10,0.97838,0.97858
2194,2023-05-09 01:53:13,0.978375,0.978575
2196,2023-05-09 01:53:14,0.97837,0.97857
2197,2023-05-09 01:53:26,0.9783550000000001,0.9785550000000001
2199,2023-05-09 01:53:27,0.97834,0.97854
2200,2023-05-09 01:53:30,0.97833,0.97853
2201,2023-05-09 01:53:36,0.97832,0.97852
2202,2023-05-09 01:53:39,0.97833,0.97853
2203,2023-05-09 01:53:43,0.97834,0.97854
2204,2023-05-09 01:53:44,0.978335,0.9785349999999999
2206,2023-05-09 01:53:45,0.97833,0.97853
2207,2023-05-09 01:53:47,0.97832,0.97852
2208,2023-05-09 01:53:48,0.97833,0.97853
2209,2023-05-09 01:53:49,0.97834,0.97854
2210,2023-05-09 01:53:54,0.978345,0.978545
2212,2023-05-09 01:53:57,0.97833,0.97853
2213,2023-05-09 01:54:00,0.97833,0.97853
2214,2023-05-09 01:54:03,0.9783299999999999,0.9785299999999999
2216,2023-05-09 01:54:04,0.978335,0.9785349999999999
2218,2023-05-09 01:54:06,0.97833,0.97853
2219,2023-05-09 01:54:10,0.978335,0.9785349999999999
2223,2023-05-09 01:54:16,0.97834,0.97854
2224,2023-05-09 01:54:18,0.978335,0.9785349999999999
2226,2023-05-09 01:54:19,0.978335,0.9785349999999999
2228,2023-05-09 01:54:20,0.97831,0.97851
2229,2023-05-09 01:54:26,0.978305,0.978505
2231,2023-05-09 01:54:28,0.9783,0.9785
2232,2023-05-09 01:54:29,0.97831,0.97851
2233,2023-05-09 01:54:30,0.9783,0.9785
2234,2023-05-09 01:54:31,0.97831,0.97851
2235,2023-05-09 01:54:33,0.97832,0.97852
2236,2023-05-09 01:54:35,0.97831,0.97851
2237,2023-05-09 01:54:37,0.9783,0.9785
2238,2023-05-09 01:54:38,0.97831,0.97851
2239,2023-05-09 01:54:39,0.9783,0.9785
2240,2023-05-09 01:54:41,0.97831,0.97851
2241,2023-05-09 01:54:42,0.9783,0.9785
2242,2023-05-09 01:54:48,0.97829,0.97849
2243,2023-05-09 01:54:49,0.9783,0.9785
2244,2023-05-09 01:54:50,0.97828,0.97848
2245,2023-05-09 01:54:51,0.97826,0.97846
2248,2023-05-09 01:54:52,0.97826,0.97846
2251,2023-05-09 01:54:53,0.97825,0.97845
2252,2023-05-09 01:54:54,0.97824,0.97844
2253,2023-05-09 01:54:55,0.97823,0.97843
2254,2023-05-09 01:54:56,0.97824,0.97844
2255,2023-05-09 01:54:57,0.97823,0.97843
2256,2023-05-09 01:54:58,0.978225,0.978425
2258,2023-05-09 01:54:59,0.97823,0.97843
2262,2023-05-09 01:55:00,0.978245,0.978445
2264,2023-05-09 01:55:01,0.97824,0.97844
2265,2023-05-09 01:55:03,0.97825,0.97845
2266,2023-05-09 01:55:04,0.97824,0.97844
2267,2023-05-09 01:55:16,0.97825,0.97845
2268,2023-05-09 01:55:17,0.97824,0.97844
2269,2023-05-09 01:55:18,0.97825,0.97845
2270,2023-05-09 01:55:19,0.97824,0.97844
2271,2023-05-09 01:55:20,0.97825,0.97845
2272,2023-05-09 01:55:21,0.978245,0.978445
2274,2023-05-09 01:55:22,0.97824,0.97844
2275,2023-05-09 01:55:24,0.97825,0.97845
2276,2023-05-09 01:55:25,0.97824,0.97844
2277,2023-05-09 01:55:26,0.97825,0.97845
2278,2023-05-09 01:55:27,0.978245,0.978445
2280,2023-05-09 01:55:28,0.97824,0.97844
2281,2023-05-09 01:55:29,0.97825,0.97845
2282,2023-05-09 01:55:31,0.97826,0.97846
2283,2023-05-09 01:55:33,0.978255,0.9784550000000001
2285,2023-05-09 01:55:34,0.97827,0.97847
2286,2023-05-09 01:55:37,0.97826,0.97846
2287,2023-05-09 01:55:38,0.97827,0.97847
2288,2023-05-09 01:55:39,0.9783,0.9785
2289,2023-05-09 01:55:40,0.97831,0.97851
2290,2023-05-09 01:55:41,0.978305,0.978505
2292,2023-05-09 01:55:42,0.9782949999999999,0.978495
2294,2023-05-09 01:55:45,0.9783,0.9785
2297,2023-05-09 01:55:48,0.97831,0.97851
2300,2023-05-09 01:55:49,0.978305,0.978505
2302,2023-05-09 01:55:50,0.978305,0.978505
2304,2023-05-09 01:55:51,0.978315,0.978515
2306,2023-05-09 01:55:52,0.978315,0.978515
2308,2023-05-09 01:55:53,0.9783,0.9785
2311,2023-05-09 01:55:54,0.97831,0.97851
2312,2023-05-09 01:55:55,0.978305,0.978505
2314,2023-05-09 01:55:56,0.978305,0.978505
2316,2023-05-09 01:55:57,0.9783,0.9785
2317,2023-05-09 01:55:59,0.97833,0.97853
2318,2023-05-09 01:56:00,0.97833,0.97853
2319,2023-05-09 01:56:01,0.97834,0.97854
2320,2023-05-09 01:56:02,0.97833,0.97853
2321,2023-05-09 01:56:04,0.97834,0.97854
2322,2023-05-09 01:56:05,0.978335,0.9785349999999999
2324,2023-05-09 01:56:06,0.978325,0.978525
2326,2023-05-09 01:56:14,0.97832,0.97852
2329,2023-05-09 01:56:15,0.97833,0.97853
2330,2023-05-09 01:56:19,0.97832,0.97852
2331,2023-05-09 01:56:25,0.97833,0.97853
2332,2023-05-09 01:56:29,0.978325,0.978525
2334,2023-05-09 01:56:30,0.978325,0.978525
2336,2023-05-09 01:56:31,0.978325,0.978525
2338,2023-05-09 01:56:32,0.97832,0.97852
2339,2023-05-09 01:56:33,0.978325,0.978525
2341,2023-05-09 01:56:37,0.97833,0.97853
2342,2023-05-09 01:56:38,0.97832,0.97852
2343,2023-05-09 01:56:39,0.97833,0.97853
2344,2023-05-09 01:56:41,0.97832,0.97852
2345,2023-05-09 01:56:51,0.97833,0.97853
2346,2023-05-09 01:56:52,0.978325,0.978525
2348,2023-05-09 01:56:53,0.97833,0.97853
2351,2023-05-09 01:56:55,0.97832,0.97852
2352,2023-05-09 01:56:56,0.978325,0.978525
2354,2023-05-09 01:56:57,0.97833,0.97853
2357,2023-05-09 01:56:59,0.978325,0.978525
2359,2023-05-09 01:57:00,0.978325,0.978525
2361,2023-05-09 01:57:01,0.978325,0.978525
2363,2023-05-09 01:57:02,0.978325,0.978525
2365,2023-05-09 01:57:03,0.978325,0.978525
2367,2023-05-09 01:57:05,0.97832,0.97852
2368,2023-05-09 01:57:06,0.9783200000000001,0.9785200000000001
2370,2023-05-09 01:57:07,0.978315,0.978515
2372,2023-05-09 01:57:08,0.97832,0.97852
2375,2023-05-09 01:57:11,0.97831,0.97851
2376,2023-05-09 01:57:13,0.97832,0.97852
2377,2023-05-09 01:57:15,0.97833,0.97853
2378,2023-05-09 01:57:16,0.978315,0.978515
2380,2023-05-09 01:57:17,0.978325,0.978525
2382,2023-05-09 01:57:18,0.97831,0.97851
2383,2023-05-09 01:57:24,0.9783,0.9785
2386,2023-05-09 01:57:25,0.97831,0.97851
2387,2023-05-09 01:57:27,0.97832,0.97852
2388,2023-05-09 01:57:28,0.97833,0.97853
2389,2023-05-09 01:57:30,0.97832,0.97852
2390,2023-05-09 01:57:31,0.97835,0.97855
2391,2023-05-09 01:57:32,0.97836,0.97856
2392,2023-05-09 01:57:35,0.97835,0.97855
2393,2023-05-09 01:57:36,0.97836,0.97856
2394,2023-05-09 01:57:37,0.97837,0.97857
2395,2023-05-09 01:57:38,0.9783649999999999,0.978565
2397,2023-05-09 01:57:39,0.9783649999999999,0.978565
2399,2023-05-09 01:57:40,0.9783649999999999,0.978565
2401,2023-05-09 01:57:43,0.97836,0.97856
2402,2023-05-09 01:57:44,0.97837,0.97857
2403,2023-05-09 01:57:45,0.97836,0.97856
2404,2023-05-09 01:57:46,0.97837,0.97857
2407,2023-05-09 01:57:50,0.9783649999999999,0.978565
2409,2023-05-09 01:57:51,0.9783649999999999,0.978565
2411,2023-05-09 01:57:52,0.9783649999999999,0.978565
2413,2023-05-09 01:58:00,0.97837,0.97857
2414,2023-05-09 01:58:03,0.97838,0.97858
2415,2023-05-09 01:58:06,0.97837,0.97857
2416,2023-05-09 01:58:07,0.97836,0.97856
2417,2023-05-09 01:58:10,0.97837,0.97857
2418,2023-05-09 01:58:11,0.97836,0.97856
2419,2023-05-09 01:58:19,0.9783649999999999,0.978565
2421,2023-05-09 01:58:20,0.978375,0.978575
2423,2023-05-09 01:58:22,0.97837,0.97857
2426,2023-05-09 01:58:38,0.9783649999999999,0.978565
2428,2023-05-09 01:58:39,0.97836,0.97856
2429,2023-05-09 01:58:45,0.9783550000000001,0.9785550000000001
2431,2023-05-09 01:58:54,0.97838,0.97858
2432,2023-05-09 01:58:55,0.978375,0.978575
2434,2023-05-09 01:58:56,0.97837,0.97857
2435,2023-05-09 01:59:00,0.97837,0.97857
2436,2023-05-09 01:59:11,0.97836,0.97856
2437,2023-05-09 01:59:24,0.9783649999999999,0.978565
2439,2023-05-09 01:59:32,0.97837,0.97857
2440,2023-05-09 01:59:33,0.97836,0.97856
2441,2023-05-09 01:59:34,0.97837,0.97857
2442,2023-05-09 01:59:35,0.9783649999999999,0.978565
2444,2023-05-09 01:59:36,0.97836,0.97856
2445,2023-05-09 01:59:37,0.97837,0.97857
2446,2023-05-09 01:59:45,0.97835,0.97855
2447,2023-05-09 01:59:50,0.97836,0.97856
2448,2023-05-09 01:59:57,0.97835,0.97855
2449,2023-05-09 02:00:00,0.97836,0.97856
2450,2023-05-09 02:00:02,0.97835,0.97855
2451,2023-05-09 02:00:03,0.9783550000000001,0.9785550000000001
2453,2023-05-09 02:00:04,0.97834,0.97854
2454,2023-05-09 02:00:05,0.978345,0.978545
2456,2023-05-09 02:00:06,0.97835,0.97855
2457,2023-05-09 02:00:07,0.97837,0.97857
2458,2023-05-09 02:00:08,0.97836,0.97856
2459,2023-05-09 02:00:09,0.97835,0.97855
2460,2023-05-09 02:00:19,0.97834,0.97854
2461,2023-05-09 02:00:26,0.97835,0.97855
2462,2023-05-09 02:00:45,0.978335,0.9785349999999999
2464,2023-05-09 02:00:52,0.97835,0.97855
2465,2023-05-09 02:00:53,0.978345,0.978545
2467,2023-05-09 02:01:00,0.97835,0.97855
2468,2023-05-09 02:01:05,0.97836,0.97856
2471,2023-05-09 02:01:06,0.97837,0.97857
2472,2023-05-09 02:01:07,0.978375,0.978575
2474,2023-05-09 02:01:08,0.97836,0.97856
2475,2023-05-09 02:01:49,0.97837,0.97857
2476,2023-05-09 02:01:54,0.97835,0.97855
2477,2023-05-09 02:01:56,0.97836,0.97856
2478,2023-05-09 02:01:57,0.978375,0.978575
2480,2023-05-09 02:01:59,0.9783649999999999,0.978565
2482,2023-05-09 02:02:00,0.97837,0.97857
2483,2023-05-09 02:02:11,0.97836,0.97856
2484,2023-05-09 02:02:12,0.97837,0.97857
2485,2023-05-09 02:02:24,0.97836,0.97856
2486,2023-05-09 02:02:32,0.97837,0.97857
2487,2023-05-09 02:02:36,0.97838,0.97858
2488,2023-05-09 02:02:37,0.978375,0.978575
2490,2023-05-09 02:02:41,0.97837,0.97857
2491,2023-05-09 02:02:44,0.97836,0.97856
2492,2023-05-09 02:02:52,0.97838,0.97858
2493,2023-05-09 02:02:56,0.97839,0.97859
2494,2023-05-09 02:03:00,0.97837,0.97857
2495,2023-05-09 02:03:04,0.97838,0.97858
2496,2023-05-09 02:03:05,0.97837,0.97857
2497,2023-05-09 02:03:12,0.978375,0.978575
2499,2023-05-09 02:03:40,0.97838,0.97858
2500,2023-05-09 02:03:45,0.97837,0.97857
2501,2023-05-09 02:03:47,0.97838,0.97858
2502,2023-05-09 02:03:48,0.97837,0.97857
2503,2023-05-09 02:03:50,0.97836,0.97856
2504,2023-05-09 02:03:52,0.9783649999999999,0.978565
2506,2023-05-09 02:04:00,0.97836,0.97856
2507,2023-05-09 02:04:01,0.97835,0.97855
2508,2023-05-09 02:04:14,0.97834,0.97854
2509,2023-05-09 02:04:17,0.97838,0.97858
2510,2023-05-09 02:04:22,0.978375,0.978575
2512,2023-05-09 02:04:25,0.978375,0.978575
2514,2023-05-09 02:04:32,0.97837,0.97857
2515,2023-05-09 02:04:41,0.97838,0.97858
2516,2023-05-09 02:04:45,0.97837,0.97857
2517,2023-05-09 02:05:00,0.97837,0.97857
2518,2023-05-09 02:05:09,0.97838,0.97858
2519,2023-05-09 02:05:27,0.97839,0.97859
2520,2023-05-09 02:05:31,0.97838,0.97858
2521,2023-05-09 02:05:40,0.97837,0.97857
2522,2023-05-09 02:05:47,0.978335,0.9785349999999999
2524,2023-05-09 02:05:51,0.97832,0.97852
2525,2023-05-09 02:06:00,0.97832,0.97852
2526,2023-05-09 02:06:12,0.97831,0.97851
2527,2023-05-09 02:06:15,0.97831,0.97851
2529,2023-05-09 02:06:26,0.9782949999999999,0.978495
2531,2023-05-09 02:06:37,0.97831,0.97851
2532,2023-05-09 02:06:40,0.9783,0.9785
2533,2023-05-09 02:06:41,0.97833,0.97853
2534,2023-05-09 02:06:42,0.97832,0.97852
2535,2023-05-09 02:06:53,0.97831,0.97851
2536,2023-05-09 02:07:00,0.97832,0.97852
2537,2023-05-09 02:07:20,0.97833,0.97853
2538,2023-05-09 02:07:22,0.97832,0.97852
2539,2023-05-09 02:07:27,0.97831,0.97851
2540,2023-05-09 02:07:31,0.978325,0.978525
2542,2023-05-09 02:07:37,0.97833,0.97853
2543,2023-05-09 02:07:41,0.97832,0.97852
2544,2023-05-09 02:07:53,0.978345,0.978545
2546,2023-05-09 02:07:56,0.978335,0.9785349999999999
2548,2023-05-09 02:07:58,0.97835,0.97855
2549,2023-05-09 02:08:00,0.97835,0.97855
2550,2023-05-09 02:08:01,0.97836,0.97856
2551,2023-05-09 02:08:02,0.97835,0.97855
2552,2023-05-09 02:08:04,0.97836,0.97856
2553,2023-05-09 02:08:16,0.97835,0.97855
2554,2023-05-09 02:08:18,0.97834,0.97854
2555,2023-05-09 02:08:21,0.97835,0.97855
2556,2023-05-09 02:08:23,0.9783850000000001,0.978585
2558,2023-05-09 02:08:27,0.97837,0.97857
2559,2023-05-09 02:08:29,0.97838,0.97858
2560,2023-05-09 02:08:34,0.97839,0.97859
2561,2023-05-09 02:08:35,0.97838,0.97858
2562,2023-05-09 02:08:42,0.97837,0.97857
2563,2023-05-09 02:08:55,0.97839,0.97859
2564,2023-05-09 02:09:00,0.97839,0.97859
2565,2023-05-09 02:09:01,0.97837,0.97857
2566,2023-05-09 02:09:03,0.978345,0.978545
2568,2023-05-09 02:09:05,0.97835,0.97855
2569,2023-05-09 02:09:10,0.97834,0.97854
2570,2023-05-09 02:09:12,0.97835,0.97855
2571,2023-05-09 02:09:15,0.97833,0.97853
2572,2023-05-09 02:09:16,0.97834,0.97854
2573,2023-05-09 02:09:20,0.97833,0.97853
2574,2023-05-09 02:09:23,0.97832,0.97852
2575,2023-05-09 02:09:31,0.97833,0.97853
2576,2023-05-09 02:09:47,0.978345,0.978545
2578,2023-05-09 02:09:52,0.97833,0.97853
2579,2023-05-09 02:09:55,0.97834,0.97854
2580,2023-05-09 02:09:57,0.97833,0.97853
2581,2023-05-09 02:09:58,0.978325,0.978525
2583,2023-05-09 02:10:00,0.978325,0.978525
2585,2023-05-09 02:10:03,0.97832,0.97852
2586,2023-05-09 02:10:05,0.97833,0.97853
2589,2023-05-09 02:10:09,0.97832,0.97852
2590,2023-05-09 02:10:12,0.97833,0.97853
2591,2023-05-09 02:10:23,0.97835,0.97855
2592,2023-05-09 02:10:26,0.97834,0.97854
2593,2023-05-09 02:10:32,0.97833,0.97853
2594,2023-05-09 02:10:41,0.97832,0.97852
2595,2023-05-09 02:10:53,0.97833,0.97853
2596,2023-05-09 02:10:55,0.97832,0.97852
2597,2023-05-09 02:10:57,0.97833,0.97853
2600,2023-05-09 02:10:58,0.97832,0.97852
2601,2023-05-09 02:11:00,0.97833,0.97853
2602,2023-05-09 02:11:01,0.978325,0.978525
2604,2023-05-09 02:11:06,0.97832,0.97852
2605,2023-05-09 02:11:08,0.9783,0.9785
2606,2023-05-09 02:11:09,0.97829,0.97849
2607,2023-05-09 02:11:51,0.9783,0.9785
2608,2023-05-09 02:11:52,0.97829,0.97849
2609,2023-05-09 02:11:54,0.9783,0.9785
2610,2023-05-09 02:11:55,0.9782949999999999,0.978495
2612,2023-05-09 02:11:56,0.9782949999999999,0.978495
2614,2023-05-09 02:12:00,0.9782949999999999,0.978495
2616,2023-05-09 02:12:04,0.9783,0.9785
2617,2023-05-09 02:12:05,0.97829,0.97849
2618,2023-05-09 02:12:06,0.9783,0.9785
2619,2023-05-09 02:12:07,0.9782949999999999,0.978495
2621,2023-05-09 02:12:08,0.9782949999999999,0.978495
2623,2023-05-09 02:12:09,0.9782949999999999,0.978495
2625,2023-05-09 02:12:10,0.9782949999999999,0.978495
2627,2023-05-09 02:12:11,0.9782949999999999,0.978495
2629,2023-05-09 02:12:14,0.97829,0.97849
2630,2023-05-09 02:12:17,0.9783,0.9785
2631,2023-05-09 02:12:21,0.97829,0.97849
2632,2023-05-09 02:12:23,0.978315,0.978515
2634,2023-05-09 02:12:26,0.97834,0.97854
2635,2023-05-09 02:12:38,0.97835,0.97855
2636,2023-05-09 02:12:40,0.97834,0.97854
2637,2023-05-09 02:12:41,0.97835,0.97855
2638,2023-05-09 02:12:44,0.97834,0.97854
2639,2023-05-09 02:12:56,0.97835,0.97855
2640,2023-05-09 02:13:00,0.97835,0.97855
2641,2023-05-09 02:13:06,0.97834,0.97854
2642,2023-05-09 02:13:11,0.97836,0.97856
2643,2023-05-09 02:13:12,0.97834,0.97854
2644,2023-05-09 02:13:44,0.97835,0.97855
2645,2023-05-09 02:13:46,0.97836,0.97856
2646,2023-05-09 02:13:48,0.97834,0.97854
2647,2023-05-09 02:13:49,0.97835,0.97855
2648,2023-05-09 02:14:00,0.97835,0.97855
2649,2023-05-09 02:14:02,0.97833,0.97853
2650,2023-05-09 02:14:10,0.97834,0.97854
2651,2023-05-09 02:14:14,0.97835,0.97855
2652,2023-05-09 02:14:22,0.97834,0.97854
2653,2023-05-09 02:14:27,0.97835,0.97855
2654,2023-05-09 02:14:30,0.97834,0.97854
2655,2023-05-09 02:14:34,0.97835,0.97855
2656,2023-05-09 02:14:51,0.97834,0.97854
2657,2023-05-09 02:14:57,0.97831,0.97851
2658,2023-05-09 02:14:59,0.9783,0.9785
2659,2023-05-09 02:15:00,0.9783,0.9785
2660,2023-05-09 02:15:04,0.97829,0.97849
2661,2023-05-09 02:15:07,0.978305,0.978505
2663,2023-05-09 02:15:08,0.97832,0.97852
2664,2023-05-09 02:15:09,0.97833,0.97853
2665,2023-05-09 02:15:16,0.97834,0.97854
2666,2023-05-09 02:15:18,0.97833,0.97853
2667,2023-05-09 02:15:22,0.97834,0.97854
2668,2023-05-09 02:15:25,0.97835,0.97855
2669,2023-05-09 02:15:26,0.97836,0.97856
2670,2023-05-09 02:15:32,0.97833,0.97853
2671,2023-05-09 02:15:33,0.978325,0.978525
2673,2023-05-09 02:15:34,0.97835,0.97855
2674,2023-05-09 02:15:36,0.97834,0.97854
2675,2023-05-09 02:15:39,0.97836,0.97856
2676,2023-05-09 02:15:40,0.97837,0.97857
2677,2023-05-09 02:16:00,0.97837,0.97857
2678,2023-05-09 02:16:09,0.97838,0.97858
2679,2023-05-09 02:16:10,0.97837,0.97857
2680,2023-05-09 02:16:12,0.97836,0.97856
2681,2023-05-09 02:16:26,0.97831,0.97851
2683,2023-05-09 02:16:27,0.978315,0.978515
2685,2023-05-09 02:16:30,0.978335,0.9785349999999999
2687,2023-05-09 02:16:41,0.97836,0.97856
2688,2023-05-09 02:16:45,0.97837,0.97857
2689,2023-05-09 02:16:49,0.97836,0.97856
2690,2023-05-09 02:16:59,0.9783649999999999,0.978565
2692,2023-05-09 02:17:00,0.97836,0.97856
2693,2023-05-09 02:17:03,0.97837,0.97857
2694,2023-05-09 02:17:04,0.978345,0.978545
2696,2023-05-09 02:17:06,0.97834,0.97854
2697,2023-05-09 02:17:09,0.97835,0.97855
2698,2023-05-09 02:17:19,0.97834,0.97854
2699,2023-05-09 02:17:20,0.978345,0.978545
2701,2023-05-09 02:17:26,0.97835,0.97855
2702,2023-05-09 02:17:27,0.97834,0.97854
2703,2023-05-09 02:17:28,0.97835,0.97855
2704,2023-05-09 02:17:29,0.97834,0.97854
2705,2023-05-09 02:17:33,0.97836,0.97856
2706,2023-05-09 02:17:38,0.97837,0.97857
2707,2023-05-09 02:17:42,0.97836,0.97856
2708,2023-05-09 02:17:50,0.9783649999999999,0.978565
2710,2023-05-09 02:17:52,0.97837,0.97857
2711,2023-05-09 02:17:54,0.97839,0.97859
2712,2023-05-09 02:17:56,0.97838,0.97858
2713,2023-05-09 02:18:00,0.97838,0.97858
2714,2023-05-09 02:18:06,0.9784,0.9786
2715,2023-05-09 02:18:08,0.97841,0.97861
2716,2023-05-09 02:18:12,0.9784,0.9786
2717,2023-05-09 02:18:13,0.978405,0.978605
2719,2023-05-09 02:18:16,0.97839,0.97859
2720,2023-05-09 02:18:19,0.9784,0.9786
2721,2023-05-09 02:18:22,0.97839,0.97859
2722,2023-05-09 02:18:25,0.97841,0.97861
2723,2023-05-09 02:18:31,0.9784,0.9786
2724,2023-05-09 02:18:32,0.97841,0.97861
2725,2023-05-09 02:18:37,0.97843,0.97863
2726,2023-05-09 02:18:42,0.97842,0.97862
2727,2023-05-09 02:18:43,0.97843,0.97863
2728,2023-05-09 02:18:44,0.978415,0.978615
2730,2023-05-09 02:18:48,0.97843,0.97863
2731,2023-05-09 02:18:49,0.97842,0.97862
2732,2023-05-09 02:18:53,0.97841,0.97861
2733,2023-05-09 02:18:54,0.97842,0.97862
2734,2023-05-09 02:18:58,0.97843,0.97863
2735,2023-05-09 02:19:00,0.97843,0.97863
2736,2023-05-09 02:19:07,0.97844,0.97864
2737,2023-05-09 02:19:11,0.97845,0.97865
2738,2023-05-09 02:19:12,0.978445,0.978645
2740,2023-05-09 02:19:13,0.97844,0.97864
2741,2023-05-09 02:19:14,0.978445,0.978645
2743,2023-05-09 02:19:17,0.97845,0.97865
2744,2023-05-09 02:19:19,0.97844,0.97864
2745,2023-05-09 02:19:32,0.978425,0.9786250000000001
2747,2023-05-09 02:19:34,0.9784,0.9786
2748,2023-05-09 02:19:38,0.97839,0.97859
2749,2023-05-09 02:19:48,0.97838,0.97858
2750,2023-05-09 02:19:53,0.97839,0.97859
2751,2023-05-09 02:20:00,0.97839,0.97859
2752,2023-05-09 02:20:05,0.9784,0.9786
2753,2023-05-09 02:20:07,0.97843,0.97863
2754,2023-05-09 02:20:08,0.9784299999999999,0.97863
2756,2023-05-09 02:20:10,0.97843,0.97863
2757,2023-05-09 02:20:14,0.97844,0.97864
2758,2023-05-09 02:20:18,0.97843,0.97863
2759,2023-05-09 02:20:19,0.97844,0.97864
2760,2023-05-09 02:20:21,0.97847,0.97867
2761,2023-05-09 02:20:22,0.97845,0.97865
2762,2023-05-09 02:20:23,0.978445,0.978645
2764,2023-05-09 02:20:25,0.97844,0.97864
2765,2023-05-09 02:20:28,0.97845,0.97865
2766,2023-05-09 02:20:29,0.97846,0.97866
2767,2023-05-09 02:20:33,0.9784550000000001,0.978655
2769,2023-05-09 02:20:35,0.97845,0.97865
2770,2023-05-09 02:20:37,0.97846,0.97866
2771,2023-05-09 02:20:40,0.9784550000000001,0.978655
2773,2023-05-09 02:20:44,0.97845,0.97865
2774,2023-05-09 02:20:54,0.97846,0.97866
2775,2023-05-09 02:21:00,0.97846,0.97866
2776,2023-05-09 02:21:01,0.97845,0.97865
2777,2023-05-09 02:21:05,0.978445,0.978645
2779,2023-05-09 02:21:08,0.97846,0.97866
2780,2023-05-09 02:21:33,0.97847,0.97867
2781,2023-05-09 02:21:40,0.9784649999999999,0.978665
2783,2023-05-09 02:21:42,0.97848,0.97868
2784,2023-05-09 02:21:50,0.97847,0.97867
2785,2023-05-09 02:21:55,0.97845,0.97865
2786,2023-05-09 02:21:59,0.97846,0.97866
2787,2023-05-09 02:22:00,0.97846,0.97866
2788,2023-05-09 02:22:01,0.97845,0.97865
2789,2023-05-09 02:22:05,0.97845,0.97865
2792,2023-05-09 02:22:06,0.9784550000000001,0.978655
2794,2023-05-09 02:22:16,0.97847,0.97867
2795,2023-05-09 02:22:21,0.978445,0.978645
2797,2023-05-09 02:22:23,0.978445,0.978645
2799,2023-05-09 02:22:32,0.978445,0.978645
2801,2023-05-09 02:22:34,0.97843,0.97863
2802,2023-05-09 02:22:35,0.97844,0.97864
2803,2023-05-09 02:22:48,0.97841,0.97861
2804,2023-05-09 02:22:53,0.97842,0.97862
2805,2023-05-09 02:22:58,0.97841,0.97861
2806,2023-05-09 02:23:00,0.97841,0.97861
2807,2023-05-09 02:23:03,0.97842,0.97862
2808,2023-05-09 02:23:07,0.97841,0.97861
2809,2023-05-09 02:23:13,0.9784,0.9786
2810,2023-05-09 02:23:14,0.97842,0.97862
2811,2023-05-09 02:23:15,0.97843,0.97863
2812,2023-05-09 02:23:19,0.97842,0.97862
2813,2023-05-09 02:23:22,0.97843,0.97863
2814,2023-05-09 02:23:23,0.97842,0.97862
2815,2023-05-09 02:23:25,0.97841,0.97861
2816,2023-05-09 02:23:26,0.97842,0.97862
2817,2023-05-09 02:23:28,0.97844,0.97864
2818,2023-05-09 02:23:32,0.97845,0.97865
2819,2023-05-09 02:23:33,0.97844,0.97864
2820,2023-05-09 02:23:35,0.97845,0.97865
2821,2023-05-09 02:23:55,0.97844,0.97864
2822,2023-05-09 02:24:00,0.97844,0.97864
2823,2023-05-09 02:24:04,0.97843,0.97863
2824,2023-05-09 02:24:07,0.97845,0.97865
2825,2023-05-09 02:24:25,0.9784550000000001,0.978655
2827,2023-05-09 02:24:31,0.97846,0.97866
2828,2023-05-09 02:24:33,0.97847,0.97867
2829,2023-05-09 02:24:36,0.97845,0.97865
2830,2023-05-09 02:24:37,0.97846,0.97866
2831,2023-05-09 02:24:40,0.97845,0.97865
2832,2023-05-09 02:24:42,0.97846,0.97866
2833,2023-05-09 02:24:47,0.97847,0.97867
2834,2023-05-09 02:24:54,0.9784649999999999,0.978665
2836,2023-05-09 02:24:59,0.97846,0.97866
2837,2023-05-09 02:25:00,0.97846,0.97866
2838,2023-05-09 02:25:01,0.97847,0.97867
2839,2023-05-09 02:25:02,0.97846,0.97866
2840,2023-05-09 02:25:05,0.97845,0.97865
2841,2023-05-09 02:25:14,0.978445,0.978645
2843,2023-05-09 02:25:16,0.978445,0.978645
2845,2023-05-09 02:25:17,0.978445,0.978645
2847,2023-05-09 02:25:20,0.97844,0.97864
2848,2023-05-09 02:25:37,0.97845,0.97865
2849,2023-05-09 02:25:39,0.97843,0.97863
2850,2023-05-09 02:25:43,0.97842,0.97862
2851,2023-05-09 02:25:44,0.97843,0.97863
2852,2023-05-09 02:25:46,0.97842,0.97862
2853,2023-05-09 02:25:48,0.97844,0.97864
2854,2023-05-09 02:25:53,0.97843,0.97863
2855,2023-05-09 02:25:55,0.97844,0.97864
2856,2023-05-09 02:25:57,0.97843,0.97863
2857,2023-05-09 02:25:59,0.97842,0.97862
2858,2023-05-09 02:26:00,0.97842,0.97862
2859,2023-05-09 02:26:05,0.97844,0.97864
2860,2023-05-09 02:26:14,0.97843,0.97863
2861,2023-05-09 02:26:26,0.97842,0.97862
2862,2023-05-09 02:26:38,0.97841,0.97861
2863,2023-05-09 02:26:51,0.978405,0.978605
2865,2023-05-09 02:27:00,0.9784,0.9786
2866,2023-05-09 02:27:06,0.97841,0.97861
2867,2023-05-09 02:27:07,0.978405,0.978605
2869,2023-05-09 02:27:08,0.9784,0.9786
2870,2023-05-09 02:27:14,0.97841,0.97861
2871,2023-05-09 02:27:16,0.978405,0.978605
2873,2023-05-09 02:27:17,0.9784,0.9786
2874,2023-05-09 02:27:24,0.97841,0.97861
2875,2023-05-09 02:27:26,0.97838,0.97858
2876,2023-05-09 02:27:28,0.97837,0.97857
2877,2023-05-09 02:27:30,0.97836,0.97856
2878,2023-05-09 02:27:35,0.97835,0.97855
2879,2023-05-09 02:27:36,0.97836,0.97856
2880,2023-05-09 02:27:41,0.97837,0.97857
2881,2023-05-09 02:27:43,0.97836,0.97856
2882,2023-05-09 02:27:45,0.97837,0.97857
2883,2023-05-09 02:27:46,0.97836,0.97856
2884,2023-05-09 02:27:49,0.97837,0.97857
2885,2023-05-09 02:27:56,0.97838,0.97858
2886,2023-05-09 02:27:57,0.97836,0.97856
2887,2023-05-09 02:28:00,0.9783649999999999,0.978565
2889,2023-05-09 02:28:01,0.97838,0.97858
2890,2023-05-09 02:28:02,0.97837,0.97857
2891,2023-05-09 02:28:03,0.978375,0.978575
2893,2023-05-09 02:28:06,0.97838,0.97858
2894,2023-05-09 02:28:07,0.97837,0.97857
2895,2023-05-09 02:28:08,0.97838,0.97858
2896,2023-05-09 02:28:09,0.978375,0.978575
2898,2023-05-09 02:28:11,0.97837,0.97857
2899,2023-05-09 02:28:15,0.97838,0.97858
2900,2023-05-09 02:28:16,0.978375,0.978575
2902,2023-05-09 02:28:25,0.97837,0.97857
2903,2023-05-09 02:28:50,0.97838,0.97858
2904,2023-05-09 02:28:53,0.97839,0.97859
2905,2023-05-09 02:28:56,0.9784,0.9786
2906,2023-05-09 02:28:57,0.97839,0.97859
2907,2023-05-09 02:28:58,0.97837,0.97857
2908,2023-05-09 02:29:00,0.97837,0.97857
2909,2023-05-09 02:29:13,0.97838,0.97858
2910,2023-05-09 02:29:30,0.97839,0.97859
2911,2023-05-09 02:29:31,0.97837,0.97857
2912,2023-05-09 02:29:33,0.97838,0.97858
2913,2023-05-09 02:29:34,0.978375,0.978575
2915,2023-05-09 02:29:45,0.97839,0.97859
2916,2023-05-09 02:29:48,0.97838,0.97858
2917,2023-05-09 02:29:54,0.97839,0.97859
2918,2023-05-09 02:29:55,0.97838,0.97858
2919,2023-05-09 02:30:00,0.97838,0.97858
2920,2023-05-09 02:30:09,0.97835,0.97855
2921,2023-05-09 02:30:21,0.978345,0.978545
2923,2023-05-09 02:30:24,0.97831,0.97851
2926,2023-05-09 02:30:25,0.97829,0.97849
2927,2023-05-09 02:30:26,0.97828,0.97848
2928,2023-05-09 02:30:28,0.97827,0.97847
2929,2023-05-09 02:30:30,0.97826,0.97846
2930,2023-05-09 02:30:33,0.97827,0.97847
2931,2023-05-09 02:30:51,0.97828,0.97848
2932,2023-05-09 02:30:56,0.97829,0.97849
2933,2023-05-09 02:31:00,0.97829,0.97849
2934,2023-05-09 02:31:04,0.9783,0.9785
2935,2023-05-09 02:31:08,0.97829,0.97849
2936,2023-05-09 02:31:11,0.9782949999999999,0.978495
2938,2023-05-09 02:31:25,0.9783,0.9785
2939,2023-05-09 02:31:40,0.97829,0.97849
2940,2023-05-09 02:31:45,0.9783,0.9785
2941,2023-05-09 02:31:49,0.97829,0.97849
2942,2023-05-09 02:31:50,0.9783,0.9785
2943,2023-05-09 02:31:51,0.97829,0.97849
2944,2023-05-09 02:31:52,0.9783,0.9785
2945,2023-05-09 02:31:59,0.978315,0.978515
2947,2023-05-09 02:32:00,0.97831,0.97851
2948,2023-05-09 02:32:02,0.9783,0.9785
2949,2023-05-09 02:32:04,0.9782949999999999,0.978495
2951,2023-05-09 02:32:18,0.97831,0.97851
2952,2023-05-09 02:32:20,0.9783,0.9785
2953,2023-05-09 02:32:22,0.9782949999999999,0.978495
2957,2023-05-09 02:32:23,0.97827,0.97847
2958,2023-05-09 02:32:24,0.97828,0.97848
2959,2023-05-09 02:32:25,0.9782649999999999,0.9784649999999999
2961,2023-05-09 02:32:28,0.97825,0.97845
2962,2023-05-09 02:32:31,0.97826,0.97846
2963,2023-05-09 02:32:43,0.97827,0.97847
2964,2023-05-09 02:32:46,0.97829,0.97849
2965,2023-05-09 02:32:48,0.9783,0.9785
2966,2023-05-09 02:32:58,0.97831,0.97851
2967,2023-05-09 02:32:59,0.97826,0.97846
2968,2023-05-09 02:33:00,0.97826,0.97846
2969,2023-05-09 02:33:08,0.97827,0.97847
2970,2023-05-09 02:33:11,0.97828,0.97848
2971,2023-05-09 02:33:31,0.97827,0.97847
2972,2023-05-09 02:33:50,0.97825,0.97845
2973,2023-05-09 02:33:51,0.97826,0.97846
2974,2023-05-09 02:34:00,0.97826,0.97846
2975,2023-05-09 02:34:04,0.97828,0.97848
2976,2023-05-09 02:34:07,0.97827,0.97847
2977,2023-05-09 02:34:09,0.97826,0.97846
2978,2023-05-09 02:34:11,0.97827,0.97847
2979,2023-05-09 02:34:14,0.97826,0.97846
2980,2023-05-09 02:34:21,0.97827,0.97847
2981,2023-05-09 02:34:23,0.978255,0.9784550000000001
2983,2023-05-09 02:34:31,0.97826,0.97846
2984,2023-05-09 02:34:36,0.97827,0.97847
2985,2023-05-09 02:34:42,0.97828,0.97848
2986,2023-05-09 02:34:47,0.9783,0.9785
2987,2023-05-09 02:34:59,0.97831,0.97851
2988,2023-05-09 02:35:00,0.97831,0.97851
2989,2023-05-09 02:35:01,0.9783,0.9785
2990,2023-05-09 02:35:05,0.97831,0.97851
2991,2023-05-09 02:35:14,0.9783,0.9785
2992,2023-05-09 02:35:30,0.97831,0.97851
2993,2023-05-09 02:35:32,0.97833,0.97853
2994,2023-05-09 02:35:46,0.97835,0.97855
2995,2023-05-09 02:35:53,0.97833,0.97853
2996,2023-05-09 02:36:00,0.97833,0.97853
2997,2023-05-09 02:36:06,0.97831,0.97851
2998,2023-05-09 02:36:36,0.97832,0.97852
2999,2023-05-09 02:36:38,0.97831,0.97851
3000,2023-05-09 02:36:40,0.9783,0.9785
3001,2023-05-09 02:36:43,0.97829,0.97849
3002,2023-05-09 02:36:57,0.9783,0.9785
3003,2023-05-09 02:37:00,0.9783,0.9785
3004,2023-05-09 02:37:14,0.97829,0.97849
3005,2023-05-09 02:37:15,0.97828,0.97848
3006,2023-05-09 02:37:24,0.97827,0.97847
3007,2023-05-09 02:37:29,0.97828,0.97848
3008,2023-05-09 02:37:30,0.97826,0.97846
3009,2023-05-09 02:37:31,0.97825,0.97845
3010,2023-05-09 02:37:45,0.97828,0.97848
3011,2023-05-09 02:37:59,0.97832,0.97852
3012,2023-05-09 02:38:00,0.97828,0.97848
3013,2023-05-09 02:38:08,0.97827,0.97847
3014,2023-05-09 02:38:16,0.97826,0.97846
3015,2023-05-09 02:38:19,0.97825,0.97845
3016,2023-05-09 02:38:24,0.97824,0.97844
3017,2023-05-09 02:38:29,0.97825,0.97845
3018,2023-05-09 02:38:53,0.978245,0.978445
3020,2023-05-09 02:38:58,0.97826,0.97846
3021,2023-05-09 02:39:00,0.97826,0.97846
3022,2023-05-09 02:39:02,0.97825,0.97845
3023,2023-05-09 02:39:03,0.97826,0.97846
3024,2023-05-09 02:39:05,0.97825,0.97845
3025,2023-05-09 02:39:15,0.978255,0.9784550000000001
3027,2023-05-09 02:39:30,0.978255,0.9784550000000001
3029,2023-05-09 02:39:36,0.9782850000000001,0.978485
3031,2023-05-09 02:39:37,0.97828,0.97848
3032,2023-05-09 02:39:49,0.97827,0.97847
3033,2023-05-09 02:39:50,0.978275,0.978475
3035,2023-05-09 02:39:52,0.97828,0.97848
3036,2023-05-09 02:39:53,0.97827,0.97847
3037,2023-05-09 02:39:55,0.97828,0.97848
3038,2023-05-09 02:39:58,0.97827,0.97847
3039,2023-05-09 02:40:00,0.97827,0.97847
3040,2023-05-09 02:40:01,0.97826,0.97846
3041,2023-05-09 02:40:12,0.97825,0.97845
