,time,bid,ask
0,2023-05-09 00:00:00,148.539,148.55700000000002
2,2023-05-09 00:00:01,148.536,148.554
6,2023-05-09 00:00:02,148.532,148.55
9,2023-05-09 00:00:03,148.53,148.548
10,2023-05-09 00:00:05,148.52949999999998,148.5475
12,2023-05-09 00:00:06,148.532,148.55
13,2023-05-09 00:00:08,148.536,148.554
14,2023-05-09 00:00:09,148.542,148.56
16,2023-05-09 00:00:10,148.548,148.566
19,2023-05-09 00:00:11,148.5505,148.5685
21,2023-05-09 00:00:12,148.547,148.565
24,2023-05-09 00:00:13,148.556,148.574
25,2023-05-09 00:00:16,148.5575,148.57549999999998
27,2023-05-09 00:00:18,148.558,148.576
30,2023-05-09 00:00:19,148.56,148.578
31,2023-05-09 00:00:20,148.56,148.578
33,2023-05-09 00:00:21,148.55849999999998,148.5765
35,2023-05-09 00:00:22,148.559,148.577
36,2023-05-09 00:00:23,148.55849999999998,148.5765
38,2023-05-09 00:00:25,148.5605,148.57850000000002
40,2023-05-09 00:00:26,148.562,148.58
41,2023-05-09 00:00:30,148.563,148.581
42,2023-05-09 00:00:31,148.5845,148.60250000000002
44,2023-05-09 00:00:32,148.593,148.611
45,2023-05-09 00:00:33,148.5895,148.60750000000002
47,2023-05-09 00:00:34,148.587,148.605
48,2023-05-09 00:00:36,148.574,148.592
51,2023-05-09 00:00:38,148.575,148.593
52,2023-05-09 00:00:39,148.573,148.591
53,2023-05-09 00:00:40,148.57,148.588
54,2023-05-09 00:00:41,148.568,148.586
55,2023-05-09 00:00:42,148.5645,148.58249999999998
57,2023-05-09 00:00:43,148.566,148.584
58,2023-05-09 00:00:44,148.562,148.58
61,2023-05-09 00:00:45,148.562,148.58
62,2023-05-09 00:00:46,148.566,148.584
64,2023-05-09 00:00:47,148.569,148.587
67,2023-05-09 00:00:48,148.571,148.589
70,2023-05-09 00:00:49,148.57049999999998,148.5885
72,2023-05-09 00:00:51,148.577,148.595
76,2023-05-09 00:00:52,148.585,148.603
77,2023-05-09 00:00:53,148.5815,148.5995
79,2023-05-09 00:00:54,148.578,148.596
80,2023-05-09 00:00:55,148.584,148.602
83,2023-05-09 00:00:56,148.585,148.603
85,2023-05-09 00:00:57,148.587,148.605
88,2023-05-09 00:00:58,148.586,148.604
89,2023-05-09 00:00:59,148.58550000000002,148.6035
91,2023-05-09 00:01:00,148.59550000000002,148.6135
95,2023-05-09 00:01:01,148.602,148.62
97,2023-05-09 00:01:02,148.601,148.619
99,2023-05-09 00:01:03,148.605,148.623
100,2023-05-09 00:01:04,148.6045,148.6225
102,2023-05-09 00:01:05,148.603,148.621
105,2023-05-09 00:01:06,148.609,148.627
107,2023-05-09 00:01:07,148.611,148.629
108,2023-05-09 00:01:08,148.61,148.628
109,2023-05-09 00:01:09,148.608,148.626
111,2023-05-09 00:01:10,148.599,148.61700000000002
113,2023-05-09 00:01:11,148.595,148.613
116,2023-05-09 00:01:12,148.598,148.616
117,2023-05-09 00:01:13,148.599,148.617
118,2023-05-09 00:01:14,148.59949999999998,148.6175
122,2023-05-09 00:01:15,148.59750000000003,148.6155
124,2023-05-09 00:01:16,148.598,148.616
125,2023-05-09 00:01:17,148.593,148.611
128,2023-05-09 00:01:18,148.592,148.61
129,2023-05-09 00:01:19,148.59,148.608
130,2023-05-09 00:01:20,148.60750000000002,148.6255
134,2023-05-09 00:01:21,148.609,148.627
135,2023-05-09 00:01:22,148.60950000000003,148.6275
137,2023-05-09 00:01:23,148.61,148.628
138,2023-05-09 00:01:24,148.6095,148.6275
140,2023-05-09 00:01:25,148.609,148.627
141,2023-05-09 00:01:26,148.6085,148.62650000000002
143,2023-05-09 00:01:27,148.608,148.626
144,2023-05-09 00:01:29,148.60649999999998,148.6245
146,2023-05-09 00:01:30,148.607,148.625
147,2023-05-09 00:01:31,148.6125,148.63049999999998
149,2023-05-09 00:01:32,148.6135,148.6315
153,2023-05-09 00:01:33,148.61450000000002,148.6325
155,2023-05-09 00:01:34,148.618,148.636
157,2023-05-09 00:01:37,148.617,148.635
158,2023-05-09 00:01:40,148.615,148.633
159,2023-05-09 00:01:41,148.60750000000002,148.6255
161,2023-05-09 00:01:42,148.608,148.626
162,2023-05-09 00:01:43,148.606,148.624
166,2023-05-09 00:01:44,148.60950000000003,148.6275
168,2023-05-09 00:01:45,148.607,148.625
169,2023-05-09 00:01:46,148.608,148.626
170,2023-05-09 00:01:47,148.606,148.624
171,2023-05-09 00:01:48,148.596,148.614
175,2023-05-09 00:01:49,148.5915,148.6095
177,2023-05-09 00:01:50,148.5845,148.60250000000002
181,2023-05-09 00:01:51,148.578,148.596
184,2023-05-09 00:01:52,148.581,148.599
187,2023-05-09 00:01:53,148.578,148.596
190,2023-05-09 00:01:54,148.579,148.59699999999998
192,2023-05-09 00:01:55,148.582,148.6
193,2023-05-09 00:01:56,148.583,148.601
194,2023-05-09 00:01:57,148.582,148.6
195,2023-05-09 00:01:58,148.587,148.605
196,2023-05-09 00:01:59,148.585,148.603
197,2023-05-09 00:02:00,148.5805,148.5985
201,2023-05-09 00:02:01,148.58550000000002,148.6035
203,2023-05-09 00:02:02,148.585,148.603
204,2023-05-09 00:02:04,148.586,148.604
205,2023-05-09 00:02:05,148.585,148.603
206,2023-05-09 00:02:06,148.5845,148.60250000000002
208,2023-05-09 00:02:08,148.584,148.602
209,2023-05-09 00:02:09,148.5905,148.6085
211,2023-05-09 00:02:10,148.58749999999998,148.6055
213,2023-05-09 00:02:11,148.58749999999998,148.6055
217,2023-05-09 00:02:12,148.589,148.607
218,2023-05-09 00:02:13,148.59,148.608
219,2023-05-09 00:02:14,148.58550000000002,148.6035
221,2023-05-09 00:02:15,148.587,148.60500000000002
223,2023-05-09 00:02:16,148.583,148.601
224,2023-05-09 00:02:17,148.5845,148.60250000000002
226,2023-05-09 00:02:18,148.5865,148.6045
228,2023-05-09 00:02:20,148.588,148.606
229,2023-05-09 00:02:21,148.588,148.606
231,2023-05-09 00:02:23,148.588,148.606
232,2023-05-09 00:02:24,148.58550000000002,148.6035
234,2023-05-09 00:02:25,148.587,148.605
235,2023-05-09 00:02:26,148.585,148.603
238,2023-05-09 00:02:27,148.586,148.604
241,2023-05-09 00:02:28,148.585,148.603
244,2023-05-09 00:02:29,148.58350000000002,148.6015
248,2023-05-09 00:02:31,148.5865,148.6045
250,2023-05-09 00:02:32,148.5865,148.6045
252,2023-05-09 00:02:33,148.584,148.602
254,2023-05-09 00:02:34,148.5815,148.59949999999998
256,2023-05-09 00:02:36,148.582,148.6
257,2023-05-09 00:02:37,148.599,148.617
260,2023-05-09 00:02:38,148.601,148.619
263,2023-05-09 00:02:39,148.595,148.613
264,2023-05-09 00:02:42,148.5915,148.60950000000003
266,2023-05-09 00:02:43,148.592,148.61
267,2023-05-09 00:02:44,148.593,148.611
270,2023-05-09 00:02:46,148.591,148.609
272,2023-05-09 00:02:47,148.589,148.607
273,2023-05-09 00:02:48,148.5895,148.60750000000002
275,2023-05-09 00:02:53,148.58749999999998,148.6055
279,2023-05-09 00:02:54,148.568,148.586
282,2023-05-09 00:02:55,148.566,148.584
283,2023-05-09 00:02:56,148.567,148.585
284,2023-05-09 00:03:00,148.575,148.593
285,2023-05-09 00:03:01,148.573,148.591
286,2023-05-09 00:03:03,148.572,148.59
287,2023-05-09 00:03:04,148.573,148.591
288,2023-05-09 00:03:05,148.574,148.592
289,2023-05-09 00:03:06,148.575,148.593
290,2023-05-09 00:03:07,148.576,148.594
291,2023-05-09 00:03:08,148.58,148.598
292,2023-05-09 00:03:09,148.582,148.6
293,2023-05-09 00:03:10,148.581,148.599
294,2023-05-09 00:03:12,148.582,148.6
295,2023-05-09 00:03:13,148.576,148.594
296,2023-05-09 00:03:14,148.577,148.595
297,2023-05-09 00:03:16,148.567,148.585
300,2023-05-09 00:03:17,148.5705,148.5885
302,2023-05-09 00:03:18,148.572,148.59
303,2023-05-09 00:03:21,148.569,148.587
304,2023-05-09 00:03:22,148.576,148.594
307,2023-05-09 00:03:23,148.576,148.594
308,2023-05-09 00:03:24,148.57,148.588
309,2023-05-09 00:03:26,148.571,148.589
310,2023-05-09 00:03:28,148.5695,148.58749999999998
312,2023-05-09 00:03:29,148.57,148.588
313,2023-05-09 00:03:30,148.568,148.586
316,2023-05-09 00:03:31,148.566,148.584
317,2023-05-09 00:03:35,148.567,148.585
319,2023-05-09 00:03:41,148.565,148.583
320,2023-05-09 00:03:43,148.566,148.584
321,2023-05-09 00:03:44,148.57,148.588
322,2023-05-09 00:03:45,148.57049999999998,148.5885
324,2023-05-09 00:03:47,148.5695,148.58749999999998
326,2023-05-09 00:03:49,148.5685,148.5865
328,2023-05-09 00:03:50,148.56599999999997,148.584
330,2023-05-09 00:03:51,148.564,148.582
331,2023-05-09 00:03:52,148.566,148.584
333,2023-05-09 00:03:53,148.578,148.596
337,2023-05-09 00:03:54,148.58,148.598
338,2023-05-09 00:03:55,148.575,148.59300000000002
342,2023-05-09 00:03:56,148.57,148.58800000000002
344,2023-05-09 00:03:58,148.56150000000002,148.5795
346,2023-05-09 00:04:00,148.561,148.579
347,2023-05-09 00:04:02,148.569,148.587
348,2023-05-09 00:04:03,148.5775,148.59550000000002
350,2023-05-09 00:04:04,148.57350000000002,148.5915
352,2023-05-09 00:04:05,148.572,148.59
353,2023-05-09 00:04:06,148.571,148.589
354,2023-05-09 00:04:12,148.579,148.597
356,2023-05-09 00:04:13,148.57999999999998,148.598
358,2023-05-09 00:04:15,148.57600000000002,148.594
360,2023-05-09 00:04:16,148.563,148.581
363,2023-05-09 00:04:17,148.563,148.581
364,2023-05-09 00:04:18,148.5645,148.58249999999998
366,2023-05-09 00:04:19,148.563,148.581
367,2023-05-09 00:04:21,148.564,148.582
368,2023-05-09 00:04:23,148.565,148.583
369,2023-05-09 00:04:25,148.56349999999998,148.5815
371,2023-05-09 00:04:26,148.562,148.58
372,2023-05-09 00:04:28,148.563,148.581
373,2023-05-09 00:04:29,148.55700000000002,148.575
375,2023-05-09 00:04:30,148.555,148.573
376,2023-05-09 00:04:31,148.5595,148.5775
378,2023-05-09 00:04:32,148.562,148.58
381,2023-05-09 00:04:34,148.56349999999998,148.5815
383,2023-05-09 00:04:35,148.563,148.581
384,2023-05-09 00:04:36,148.56,148.578
385,2023-05-09 00:04:37,148.562,148.58
386,2023-05-09 00:04:38,148.56,148.578
387,2023-05-09 00:04:40,148.569,148.587
388,2023-05-09 00:04:41,148.574,148.592
389,2023-05-09 00:04:42,148.5745,148.5925
391,2023-05-09 00:04:44,148.576,148.594
392,2023-05-09 00:04:47,148.585,148.603
395,2023-05-09 00:04:48,148.579,148.597
398,2023-05-09 00:04:50,148.5765,148.59449999999998
400,2023-05-09 00:04:51,148.575,148.593
401,2023-05-09 00:04:53,148.5765,148.59449999999998
403,2023-05-09 00:04:54,148.583,148.601
404,2023-05-09 00:04:58,148.584,148.602
405,2023-05-09 00:04:59,148.585,148.603
406,2023-05-09 00:05:00,148.584,148.602
407,2023-05-09 00:05:02,148.58350000000002,148.6015
409,2023-05-09 00:05:05,148.5795,148.5975
411,2023-05-09 00:05:06,148.5805,148.5985
413,2023-05-09 00:05:07,148.582,148.6
416,2023-05-09 00:05:08,148.58100000000002,148.599
418,2023-05-09 00:05:09,148.5775,148.59550000000002
420,2023-05-09 00:05:10,148.578,148.596
421,2023-05-09 00:05:11,148.57999999999998,148.598
423,2023-05-09 00:05:12,148.5845,148.60250000000002
427,2023-05-09 00:05:13,148.5865,148.6045
429,2023-05-09 00:05:14,148.587,148.605
432,2023-05-09 00:05:15,148.586,148.604
435,2023-05-09 00:05:16,148.584,148.602
436,2023-05-09 00:05:17,148.595,148.613
437,2023-05-09 00:05:18,148.605,148.623
440,2023-05-09 00:05:19,148.605,148.623
441,2023-05-09 00:05:20,148.607,148.625
442,2023-05-09 00:05:21,148.609,148.627
444,2023-05-09 00:05:22,148.61,148.628
447,2023-05-09 00:05:23,148.6055,148.62349999999998
449,2023-05-09 00:05:25,148.598,148.616
452,2023-05-09 00:05:26,148.596,148.614
455,2023-05-09 00:05:27,148.59949999999998,148.6175
457,2023-05-09 00:05:28,148.5925,148.6105
459,2023-05-09 00:05:29,148.598,148.616
460,2023-05-09 00:05:30,148.5965,148.61450000000002
462,2023-05-09 00:05:31,148.5965,148.61450000000002
464,2023-05-09 00:05:32,148.601,148.619
467,2023-05-09 00:05:33,148.6005,148.61849999999998
469,2023-05-09 00:05:34,148.6,148.618
471,2023-05-09 00:05:36,148.599,148.617
472,2023-05-09 00:05:37,148.6,148.618
475,2023-05-09 00:05:38,148.599,148.617
476,2023-05-09 00:05:39,148.598,148.61599999999999
478,2023-05-09 00:05:40,148.597,148.615
482,2023-05-09 00:05:41,148.596,148.614
486,2023-05-09 00:05:42,148.59949999999998,148.6175
488,2023-05-09 00:05:43,148.599,148.617
491,2023-05-09 00:05:45,148.59449999999998,148.6125
495,2023-05-09 00:05:46,148.593,148.611
498,2023-05-09 00:05:47,148.593,148.611
501,2023-05-09 00:05:48,148.585,148.603
504,2023-05-09 00:05:49,148.582,148.6
505,2023-05-09 00:05:50,148.58249999999998,148.6005
507,2023-05-09 00:05:51,148.5765,148.59449999999998
509,2023-05-09 00:05:52,148.58,148.598
512,2023-05-09 00:05:53,148.5795,148.59750000000003
514,2023-05-09 00:05:55,148.5815,148.59949999999998
516,2023-05-09 00:05:56,148.583,148.601
517,2023-05-09 00:06:00,148.583,148.601
518,2023-05-09 00:06:01,148.581,148.599
519,2023-05-09 00:06:02,148.582,148.6
520,2023-05-09 00:06:06,148.581,148.599
521,2023-05-09 00:06:07,148.5805,148.5985
523,2023-05-09 00:06:09,148.59050000000002,148.6085
527,2023-05-09 00:06:10,148.59,148.608
528,2023-05-09 00:06:11,148.588,148.606
529,2023-05-09 00:06:12,148.5885,148.60649999999998
531,2023-05-09 00:06:13,148.591,148.609
532,2023-05-09 00:06:14,148.585,148.603
533,2023-05-09 00:06:18,148.5845,148.60250000000002
535,2023-05-09 00:06:20,148.583,148.601
536,2023-05-09 00:06:21,148.58100000000002,148.599
538,2023-05-09 00:06:22,148.5815,148.59949999999998
540,2023-05-09 00:06:29,148.5845,148.60250000000002
542,2023-05-09 00:06:30,148.582,148.6
545,2023-05-09 00:06:32,148.584,148.602
546,2023-05-09 00:06:33,148.582,148.6
547,2023-05-09 00:06:34,148.581,148.599
548,2023-05-09 00:06:36,148.5815,148.59949999999998
550,2023-05-09 00:06:39,148.574,148.592
551,2023-05-09 00:06:40,148.5745,148.5925
553,2023-05-09 00:06:41,148.573,148.591
554,2023-05-09 00:06:46,148.575,148.593
555,2023-05-09 00:06:47,148.576,148.594
556,2023-05-09 00:06:49,148.577,148.595
557,2023-05-09 00:06:50,148.575,148.593
560,2023-05-09 00:06:51,148.572,148.59
563,2023-05-09 00:06:53,148.57049999999998,148.5885
565,2023-05-09 00:06:57,148.57049999999998,148.5885
569,2023-05-09 00:06:58,148.564,148.582
571,2023-05-09 00:06:59,148.575,148.593
572,2023-05-09 00:07:00,148.579,148.597
575,2023-05-09 00:07:01,148.5795,148.59750000000003
577,2023-05-09 00:07:02,148.57999999999998,148.598
581,2023-05-09 00:07:03,148.579,148.597
583,2023-05-09 00:07:04,148.5815,148.5995
585,2023-05-09 00:07:05,148.581,148.599
586,2023-05-09 00:07:06,148.582,148.6
589,2023-05-09 00:07:09,148.58,148.598
590,2023-05-09 00:07:10,148.5795,148.5975
592,2023-05-09 00:07:11,148.579,148.59699999999998
594,2023-05-09 00:07:12,148.578,148.596
596,2023-05-09 00:07:13,148.57549999999998,148.5935
598,2023-05-09 00:07:14,148.576,148.594
599,2023-05-09 00:07:15,148.578,148.596
600,2023-05-09 00:07:16,148.573,148.591
603,2023-05-09 00:07:18,148.571,148.589
604,2023-05-09 00:07:19,148.573,148.591
606,2023-05-09 00:07:20,148.578,148.596
607,2023-05-09 00:07:21,148.577,148.595
608,2023-05-09 00:07:22,148.576,148.594
609,2023-05-09 00:07:24,148.58,148.598
610,2023-05-09 00:07:25,148.575,148.593
611,2023-05-09 00:07:26,148.574,148.592
612,2023-05-09 00:07:29,148.575,148.593
613,2023-05-09 00:07:30,148.574,148.592
614,2023-05-09 00:07:31,148.579,148.597
615,2023-05-09 00:07:32,148.574,148.592
618,2023-05-09 00:07:33,148.573,148.591
620,2023-05-09 00:07:34,148.578,148.596
621,2023-05-09 00:07:36,148.58,148.598
622,2023-05-09 00:07:38,148.5795,148.59750000000003
624,2023-05-09 00:07:40,148.574,148.592
625,2023-05-09 00:07:41,148.56650000000002,148.5845
629,2023-05-09 00:07:42,148.565,148.583
632,2023-05-09 00:07:43,148.567,148.585
635,2023-05-09 00:07:44,148.568,148.586
638,2023-05-09 00:07:46,148.575,148.59300000000002
640,2023-05-09 00:07:47,148.57850000000002,148.5965
642,2023-05-09 00:07:48,148.5775,148.59550000000002
644,2023-05-09 00:07:49,148.576,148.594
645,2023-05-09 00:07:50,148.577,148.595
646,2023-05-09 00:07:51,148.578,148.596
647,2023-05-09 00:07:52,148.5725,148.59050000000002
649,2023-05-09 00:07:53,148.574,148.592
650,2023-05-09 00:07:54,148.573,148.591
651,2023-05-09 00:07:55,148.575,148.593
654,2023-05-09 00:07:56,148.577,148.595
657,2023-05-09 00:07:58,148.5765,148.59449999999998
659,2023-05-09 00:07:59,148.577,148.595
660,2023-05-09 00:08:00,148.577,148.595
661,2023-05-09 00:08:01,148.57850000000002,148.5965
663,2023-05-09 00:08:02,148.579,148.597
665,2023-05-09 00:08:03,148.577,148.595
668,2023-05-09 00:08:04,148.577,148.595
671,2023-05-09 00:08:05,148.57850000000002,148.5965
673,2023-05-09 00:08:06,148.579,148.597
676,2023-05-09 00:08:08,148.579,148.597
677,2023-05-09 00:08:09,148.5795,148.59750000000003
679,2023-05-09 00:08:11,148.58,148.598
680,2023-05-09 00:08:13,148.578,148.596
683,2023-05-09 00:08:15,148.5775,148.59550000000002
685,2023-05-09 00:08:16,148.577,148.595
688,2023-05-09 00:08:17,148.579,148.597
689,2023-05-09 00:08:18,148.578,148.596
690,2023-05-09 00:08:19,148.5805,148.5985
692,2023-05-09 00:08:20,148.586,148.604
695,2023-05-09 00:08:22,148.59,148.608
696,2023-05-09 00:08:23,148.591,148.609
697,2023-05-09 00:08:27,148.59,148.608
698,2023-05-09 00:08:32,148.59050000000002,148.6085
700,2023-05-09 00:08:34,148.595,148.613
702,2023-05-09 00:08:35,148.598,148.616
703,2023-05-09 00:08:36,148.597,148.615
704,2023-05-09 00:08:37,148.597,148.615
706,2023-05-09 00:08:38,148.597,148.615
709,2023-05-09 00:08:40,148.598,148.616
710,2023-05-09 00:08:42,148.599,148.617
711,2023-05-09 00:08:43,148.5985,148.6165
713,2023-05-09 00:08:44,148.59750000000003,148.6155
715,2023-05-09 00:08:45,148.599,148.617
716,2023-05-09 00:08:46,148.604,148.622
717,2023-05-09 00:08:48,148.6055,148.62349999999998
719,2023-05-09 00:08:49,148.604,148.622
720,2023-05-09 00:08:50,148.6045,148.6225
722,2023-05-09 00:08:54,148.601,148.619
725,2023-05-09 00:08:59,148.61,148.628
728,2023-05-09 00:09:00,148.615,148.63299999999998
730,2023-05-09 00:09:01,148.614,148.632
731,2023-05-09 00:09:02,148.618,148.636
733,2023-05-09 00:09:03,148.618,148.636
734,2023-05-09 00:09:04,148.613,148.631
737,2023-05-09 00:09:05,148.611,148.629
740,2023-05-09 00:09:06,148.611,148.629
741,2023-05-09 00:09:07,148.61,148.628
744,2023-05-09 00:09:09,148.612,148.63
745,2023-05-09 00:09:10,148.61,148.628
748,2023-05-09 00:09:11,148.60950000000003,148.6275
752,2023-05-09 00:09:12,148.605,148.623
753,2023-05-09 00:09:13,148.604,148.622
754,2023-05-09 00:09:14,148.603,148.621
757,2023-05-09 00:09:15,148.60899999999998,148.627
761,2023-05-09 00:09:16,148.613,148.631
762,2023-05-09 00:09:17,148.608,148.626
764,2023-05-09 00:09:19,148.606,148.624
765,2023-05-09 00:09:20,148.607,148.625
766,2023-05-09 00:09:21,148.6045,148.6225
768,2023-05-09 00:09:22,148.607,148.625
770,2023-05-09 00:09:24,148.607,148.625
771,2023-05-09 00:09:25,148.6105,148.62849999999997
773,2023-05-09 00:09:26,148.611,148.629
774,2023-05-09 00:09:28,148.608,148.626
775,2023-05-09 00:09:30,148.607,148.625
776,2023-05-09 00:09:31,148.608,148.626
777,2023-05-09 00:09:32,148.609,148.627
778,2023-05-09 00:09:33,148.604,148.622
781,2023-05-09 00:09:34,148.6005,148.61849999999998
783,2023-05-09 00:09:37,148.601,148.619
784,2023-05-09 00:09:38,148.601,148.619
786,2023-05-09 00:09:39,148.6015,148.61950000000002
788,2023-05-09 00:09:40,148.604,148.622
791,2023-05-09 00:09:42,148.605,148.623
792,2023-05-09 00:09:43,148.6035,148.62150000000003
794,2023-05-09 00:09:44,148.60649999999998,148.6245
796,2023-05-09 00:09:45,148.6035,148.62150000000003
798,2023-05-09 00:09:46,148.6035,148.6215
800,2023-05-09 00:09:47,148.606,148.624
801,2023-05-09 00:09:52,148.611,148.629
804,2023-05-09 00:09:53,148.612,148.63
805,2023-05-09 00:09:54,148.61,148.628
806,2023-05-09 00:09:55,148.607,148.625
808,2023-05-09 00:09:56,148.60750000000002,148.6255
810,2023-05-09 00:09:57,148.598,148.616
811,2023-05-09 00:09:58,148.599,148.617
812,2023-05-09 00:09:59,148.6035,148.62150000000003
814,2023-05-09 00:10:00,148.604,148.622
817,2023-05-09 00:10:01,148.603,148.621
818,2023-05-09 00:10:02,148.603,148.621
820,2023-05-09 00:10:03,148.6035,148.62150000000003
822,2023-05-09 00:10:04,148.6045,148.6225
824,2023-05-09 00:10:05,148.6055,148.62349999999998
826,2023-05-09 00:10:06,148.604,148.622
827,2023-05-09 00:10:11,148.603,148.621
828,2023-05-09 00:10:12,148.605,148.623
829,2023-05-09 00:10:13,148.606,148.624
830,2023-05-09 00:10:14,148.60750000000002,148.6255
832,2023-05-09 00:10:15,148.60649999999998,148.6245
834,2023-05-09 00:10:16,148.605,148.623
835,2023-05-09 00:10:18,148.6055,148.62349999999998
837,2023-05-09 00:10:20,148.604,148.622
838,2023-05-09 00:10:22,148.603,148.621
839,2023-05-09 00:10:26,148.601,148.619
842,2023-05-09 00:10:27,148.603,148.621
843,2023-05-09 00:10:28,148.6035,148.62150000000003
845,2023-05-09 00:10:29,148.597,148.615
846,2023-05-09 00:10:30,148.59750000000003,148.6155
848,2023-05-09 00:10:32,148.599,148.617
851,2023-05-09 00:10:33,148.599,148.617
852,2023-05-09 00:10:34,148.6,148.618
853,2023-05-09 00:10:35,148.6005,148.61849999999998
855,2023-05-09 00:10:36,148.601,148.619
857,2023-05-09 00:10:37,148.604,148.622
858,2023-05-09 00:10:40,148.601,148.619
861,2023-05-09 00:10:41,148.603,148.621
862,2023-05-09 00:10:47,148.608,148.626
863,2023-05-09 00:10:48,148.601,148.619
866,2023-05-09 00:10:49,148.599,148.617
867,2023-05-09 00:10:50,148.59750000000003,148.6155
869,2023-05-09 00:10:53,148.598,148.616
870,2023-05-09 00:10:54,148.601,148.619
873,2023-05-09 00:10:55,148.607,148.625
876,2023-05-09 00:10:56,148.60649999999998,148.6245
878,2023-05-09 00:10:58,148.61,148.628
881,2023-05-09 00:10:59,148.613,148.631
884,2023-05-09 00:11:00,148.6105,148.6285
886,2023-05-09 00:11:01,148.6105,148.62849999999997
888,2023-05-09 00:11:02,148.612,148.63
889,2023-05-09 00:11:03,148.613,148.631
892,2023-05-09 00:11:04,148.613,148.631
895,2023-05-09 00:11:05,148.6155,148.6335
899,2023-05-09 00:11:11,148.6045,148.6225
901,2023-05-09 00:11:12,148.604,148.622
904,2023-05-09 00:11:14,148.605,148.623
905,2023-05-09 00:11:15,148.604,148.622
906,2023-05-09 00:11:16,148.599,148.617
909,2023-05-09 00:11:17,148.594,148.612
910,2023-05-09 00:11:22,148.6,148.618
913,2023-05-09 00:11:23,148.597,148.615
914,2023-05-09 00:11:24,148.599,148.617
915,2023-05-09 00:11:25,148.6,148.618
916,2023-05-09 00:11:26,148.59949999999998,148.6175
918,2023-05-09 00:11:27,148.598,148.616
919,2023-05-09 00:11:28,148.597,148.615
920,2023-05-09 00:11:30,148.596,148.614
921,2023-05-09 00:11:31,148.595,148.613
924,2023-05-09 00:11:32,148.596,148.614
925,2023-05-09 00:11:33,148.597,148.615
926,2023-05-09 00:11:35,148.598,148.616
927,2023-05-09 00:11:36,148.5995,148.6175
929,2023-05-09 00:11:37,148.5985,148.6165
931,2023-05-09 00:11:38,148.602,148.62
933,2023-05-09 00:11:39,148.608,148.62599999999998
935,2023-05-09 00:11:40,148.6055,148.62349999999998
937,2023-05-09 00:11:42,148.606,148.624
938,2023-05-09 00:11:43,148.605,148.623
939,2023-05-09 00:11:44,148.609,148.627
942,2023-05-09 00:11:46,148.6105,148.62849999999997
944,2023-05-09 00:11:52,148.6135,148.63150000000002
946,2023-05-09 00:11:54,148.616,148.634
947,2023-05-09 00:11:55,148.615,148.633
948,2023-05-09 00:11:56,148.616,148.634
949,2023-05-09 00:11:58,148.62,148.638
952,2023-05-09 00:11:59,148.623,148.64100000000002
954,2023-05-09 00:12:00,148.618,148.636
955,2023-05-09 00:12:01,148.606,148.624
958,2023-05-09 00:12:02,148.6055,148.62349999999998
960,2023-05-09 00:12:03,148.61200000000002,148.63
962,2023-05-09 00:12:04,148.617,148.635
965,2023-05-09 00:12:05,148.617,148.635
966,2023-05-09 00:12:07,148.616,148.634
969,2023-05-09 00:12:08,148.6175,148.63549999999998
971,2023-05-09 00:12:09,148.617,148.635
972,2023-05-09 00:12:10,148.618,148.636
973,2023-05-09 00:12:11,148.615,148.633
976,2023-05-09 00:12:14,148.616,148.634
977,2023-05-09 00:12:15,148.6165,148.6345
979,2023-05-09 00:12:17,148.617,148.635
982,2023-05-09 00:12:18,148.615,148.633
983,2023-05-09 00:12:19,148.616,148.634
984,2023-05-09 00:12:20,148.62400000000002,148.642
986,2023-05-09 00:12:22,148.623,148.641
987,2023-05-09 00:12:26,148.624,148.642
988,2023-05-09 00:12:27,148.62,148.638
991,2023-05-09 00:12:29,148.618,148.636
992,2023-05-09 00:12:31,148.615,148.633
993,2023-05-09 00:12:32,148.6165,148.6345
995,2023-05-09 00:12:33,148.617,148.635
996,2023-05-09 00:12:36,148.618,148.636
999,2023-05-09 00:12:37,148.615,148.633
1000,2023-05-09 00:12:38,148.616,148.634
1001,2023-05-09 00:12:39,148.6135,148.63150000000002
1003,2023-05-09 00:12:41,148.614,148.632
1004,2023-05-09 00:12:43,148.6155,148.6335
1006,2023-05-09 00:12:44,148.62,148.638
1007,2023-05-09 00:12:45,148.6225,148.6405
1009,2023-05-09 00:12:46,148.619,148.637
1011,2023-05-09 00:12:47,148.619,148.637
1012,2023-05-09 00:12:48,148.61950000000002,148.6375
1016,2023-05-09 00:12:50,148.621,148.639
1017,2023-05-09 00:12:51,148.621,148.639
1019,2023-05-09 00:12:52,148.62650000000002,148.6445
1021,2023-05-09 00:12:53,148.629,148.647
1024,2023-05-09 00:12:54,148.63049999999998,148.6485
1026,2023-05-09 00:12:55,148.636,148.654
1029,2023-05-09 00:12:57,148.638,148.656
1030,2023-05-09 00:12:58,148.63400000000001,148.652
1032,2023-05-09 00:12:59,148.63,148.648
1033,2023-05-09 00:13:00,148.632,148.65
1035,2023-05-09 00:13:01,148.632,148.65
1036,2023-05-09 00:13:02,148.635,148.653
1037,2023-05-09 00:13:03,148.6345,148.65249999999997
1039,2023-05-09 00:13:04,148.633,148.651
1042,2023-05-09 00:13:05,148.634,148.652
1043,2023-05-09 00:13:06,148.641,148.659
1046,2023-05-09 00:13:07,148.641,148.659
1047,2023-05-09 00:13:08,148.636,148.654
1048,2023-05-09 00:13:09,148.637,148.655
1049,2023-05-09 00:13:10,148.636,148.654
1050,2023-05-09 00:13:11,148.639,148.657
1051,2023-05-09 00:13:12,148.6395,148.6575
1053,2023-05-09 00:13:13,148.639,148.657
1056,2023-05-09 00:13:14,148.6345,148.65249999999997
1058,2023-05-09 00:13:15,148.636,148.654
1060,2023-05-09 00:13:16,148.6365,148.65449999999998
1064,2023-05-09 00:13:17,148.634,148.652
1067,2023-05-09 00:13:18,148.634,148.652
1070,2023-05-09 00:13:19,148.641,148.659
1071,2023-05-09 00:13:20,148.6395,148.6575
1075,2023-05-09 00:13:21,148.64,148.65800000000002
1077,2023-05-09 00:13:22,148.637,148.655
1078,2023-05-09 00:13:23,148.63799999999998,148.656
1080,2023-05-09 00:13:24,148.631,148.649
1084,2023-05-09 00:13:25,148.62650000000002,148.6445
1086,2023-05-09 00:13:26,148.6245,148.64249999999998
1088,2023-05-09 00:13:27,148.623,148.641
1089,2023-05-09 00:13:28,148.6185,148.6365
1091,2023-05-09 00:13:29,148.6155,148.6335
1093,2023-05-09 00:13:30,148.61849999999998,148.6365
1095,2023-05-09 00:13:31,148.619,148.637
1097,2023-05-09 00:13:32,148.617,148.635
1098,2023-05-09 00:13:33,148.6165,148.6345
1100,2023-05-09 00:13:34,148.6135,148.63150000000002
1102,2023-05-09 00:13:36,148.615,148.633
1103,2023-05-09 00:13:38,148.616,148.634
1104,2023-05-09 00:13:39,148.622,148.64
1107,2023-05-09 00:13:41,148.624,148.642
1108,2023-05-09 00:13:42,148.623,148.641
1109,2023-05-09 00:13:44,148.6175,148.63549999999998
1111,2023-05-09 00:13:45,148.619,148.637
1113,2023-05-09 00:13:46,148.619,148.637
1114,2023-05-09 00:13:48,148.61950000000002,148.6375
1116,2023-05-09 00:13:49,148.616,148.634
1117,2023-05-09 00:13:50,148.617,148.635
1121,2023-05-09 00:13:51,148.61849999999998,148.6365
1123,2023-05-09 00:13:52,148.62,148.638
1125,2023-05-09 00:13:53,148.619,148.637
1126,2023-05-09 00:13:54,148.618,148.636
1129,2023-05-09 00:13:55,148.61849999999998,148.6365
1131,2023-05-09 00:13:56,148.618,148.636
1132,2023-05-09 00:13:57,148.619,148.637
1133,2023-05-09 00:13:59,148.62,148.638
1134,2023-05-09 00:14:00,148.61950000000002,148.6375
1136,2023-05-09 00:14:02,148.619,148.637
1139,2023-05-09 00:14:03,148.6205,148.63850000000002
1141,2023-05-09 00:14:05,148.626,148.644
1142,2023-05-09 00:14:07,148.627,148.645
1143,2023-05-09 00:14:08,148.6255,148.64350000000002
1145,2023-05-09 00:14:09,148.626,148.644
1147,2023-05-09 00:14:10,148.635,148.653
1150,2023-05-09 00:14:11,148.636,148.654
1151,2023-05-09 00:14:12,148.637,148.655
1152,2023-05-09 00:14:13,148.631,148.649
1154,2023-05-09 00:14:15,148.627,148.645
1155,2023-05-09 00:14:19,148.625,148.643
1156,2023-05-09 00:14:20,148.626,148.644
1157,2023-05-09 00:14:22,148.627,148.645
1158,2023-05-09 00:14:23,148.62849999999997,148.6465
1160,2023-05-09 00:14:24,148.628,148.646
1161,2023-05-09 00:14:25,148.628,148.646
1164,2023-05-09 00:14:26,148.627,148.645
1165,2023-05-09 00:14:27,148.626,148.644
1166,2023-05-09 00:14:28,148.628,148.646
1169,2023-05-09 00:14:29,148.628,148.646
1172,2023-05-09 00:14:30,148.627,148.645
1173,2023-05-09 00:14:32,148.631,148.649
1177,2023-05-09 00:14:33,148.632,148.65
1178,2023-05-09 00:14:34,148.631,148.649
1181,2023-05-09 00:14:35,148.636,148.654
1183,2023-05-09 00:14:36,148.644,148.662
1186,2023-05-09 00:14:37,148.663,148.68099999999998
1188,2023-05-09 00:14:38,148.665,148.683
1191,2023-05-09 00:14:39,148.661,148.679
1194,2023-05-09 00:14:40,148.663,148.681
1197,2023-05-09 00:14:41,148.66,148.678
1198,2023-05-09 00:14:43,148.66250000000002,148.6805
1200,2023-05-09 00:14:44,148.662,148.68
1203,2023-05-09 00:14:45,148.66,148.678
1206,2023-05-09 00:14:46,148.659,148.677
1209,2023-05-09 00:14:47,148.66,148.678
1210,2023-05-09 00:14:48,148.661,148.679
1211,2023-05-09 00:14:49,148.662,148.68
1212,2023-05-09 00:14:50,148.659,148.677
1214,2023-05-09 00:14:53,148.663,148.681
1215,2023-05-09 00:14:54,148.661,148.679
1218,2023-05-09 00:14:55,148.659,148.677
1221,2023-05-09 00:14:56,148.6615,148.67950000000002
1225,2023-05-09 00:14:57,148.661,148.679
1228,2023-05-09 00:14:58,148.66,148.678
1229,2023-05-09 00:14:59,148.656,148.674
1230,2023-05-09 00:15:00,148.654,148.672
1231,2023-05-09 00:15:01,148.65449999999998,148.6725
1233,2023-05-09 00:15:02,148.6535,148.67149999999998
1235,2023-05-09 00:15:03,148.651,148.669
1238,2023-05-09 00:15:04,148.648,148.666
1242,2023-05-09 00:15:05,148.638,148.656
1245,2023-05-09 00:15:06,148.637,148.655
1246,2023-05-09 00:15:07,148.636,148.654
1247,2023-05-09 00:15:08,148.635,148.653
1250,2023-05-09 00:15:09,148.64249999999998,148.6605
1252,2023-05-09 00:15:10,148.64749999999998,148.6655
1254,2023-05-09 00:15:11,148.649,148.667
1255,2023-05-09 00:15:12,148.651,148.669
1256,2023-05-09 00:15:14,148.65,148.668
1257,2023-05-09 00:15:15,148.64749999999998,148.6655
1259,2023-05-09 00:15:16,148.648,148.666
1260,2023-05-09 00:15:17,148.6485,148.66649999999998
1262,2023-05-09 00:15:18,148.6415,148.65949999999998
1264,2023-05-09 00:15:19,148.64049999999997,148.6585
1266,2023-05-09 00:15:20,148.637,148.655
1269,2023-05-09 00:15:21,148.635,148.653
1270,2023-05-09 00:15:23,148.6365,148.65449999999998
1272,2023-05-09 00:15:24,148.636,148.654
1273,2023-05-09 00:15:25,148.635,148.653
1274,2023-05-09 00:15:26,148.634,148.652
1275,2023-05-09 00:15:27,148.6345,148.65249999999997
1277,2023-05-09 00:15:28,148.637,148.655
1278,2023-05-09 00:15:29,148.6345,148.65249999999997
1280,2023-05-09 00:15:30,148.637,148.655
1281,2023-05-09 00:15:32,148.636,148.654
1283,2023-05-09 00:15:33,148.635,148.653
1284,2023-05-09 00:15:34,148.6385,148.6565
1288,2023-05-09 00:15:37,148.64,148.658
1289,2023-05-09 00:15:38,148.641,148.659
1290,2023-05-09 00:15:39,148.64,148.658
1291,2023-05-09 00:15:40,148.6415,148.65949999999998
1293,2023-05-09 00:15:41,148.643,148.661
1294,2023-05-09 00:15:42,148.642,148.66
1295,2023-05-09 00:15:43,148.6415,148.65949999999998
1297,2023-05-09 00:15:44,148.64,148.65800000000002
1299,2023-05-09 00:15:45,148.639,148.657
1302,2023-05-09 00:15:46,148.636,148.654
1304,2023-05-09 00:15:49,148.635,148.653
1307,2023-05-09 00:15:50,148.638,148.656
1309,2023-05-09 00:15:51,148.6395,148.6575
1311,2023-05-09 00:15:52,148.6415,148.65949999999998
1313,2023-05-09 00:15:53,148.642,148.66
1314,2023-05-09 00:15:55,148.64350000000002,148.6615
1316,2023-05-09 00:15:56,148.641,148.659
1319,2023-05-09 00:15:57,148.647,148.665
1320,2023-05-09 00:15:59,148.645,148.663
1321,2023-05-09 00:16:00,148.646,148.664
1324,2023-05-09 00:16:01,148.64249999999998,148.6605
1328,2023-05-09 00:16:02,148.644,148.662
1331,2023-05-09 00:16:03,148.64049999999997,148.6585
1335,2023-05-09 00:16:04,148.6395,148.6575
1337,2023-05-09 00:16:05,148.641,148.659
1340,2023-05-09 00:16:07,148.6415,148.6595
1342,2023-05-09 00:16:08,148.6395,148.6575
1344,2023-05-09 00:16:09,148.642,148.66
1345,2023-05-09 00:16:15,148.64,148.658
1346,2023-05-09 00:16:16,148.64049999999997,148.6585
1348,2023-05-09 00:16:21,148.64,148.658
1351,2023-05-09 00:16:24,148.639,148.657
1352,2023-05-09 00:16:25,148.638,148.656
1353,2023-05-09 00:16:26,148.639,148.657
1356,2023-05-09 00:16:27,148.64049999999997,148.6585
1358,2023-05-09 00:16:29,148.642,148.66
1359,2023-05-09 00:16:30,148.644,148.662
1360,2023-05-09 00:16:31,148.642,148.66
1361,2023-05-09 00:16:33,148.644,148.662
1362,2023-05-09 00:16:34,148.645,148.663
1365,2023-05-09 00:16:39,148.645,148.663
1366,2023-05-09 00:16:41,148.635,148.65300000000002
1368,2023-05-09 00:16:42,148.6365,148.65449999999998
1370,2023-05-09 00:16:43,148.638,148.656
1373,2023-05-09 00:16:44,148.637,148.655
1374,2023-05-09 00:16:46,148.6415,148.65949999999998
1376,2023-05-09 00:16:47,148.638,148.656
1377,2023-05-09 00:16:49,148.639,148.657
1378,2023-05-09 00:16:50,148.637,148.655
1381,2023-05-09 00:16:51,148.6335,148.6515
1383,2023-05-09 00:16:53,148.63150000000002,148.6495
1385,2023-05-09 00:16:54,148.6335,148.6515
1387,2023-05-09 00:16:55,148.6325,148.65050000000002
1389,2023-05-09 00:16:56,148.643,148.661
1392,2023-05-09 00:16:57,148.642,148.66
1393,2023-05-09 00:16:58,148.642,148.66
1397,2023-05-09 00:16:59,148.641,148.659
1398,2023-05-09 00:17:00,148.641,148.659
1399,2023-05-09 00:17:01,148.64,148.658
1400,2023-05-09 00:17:02,148.638,148.656
1401,2023-05-09 00:17:03,148.635,148.653
1402,2023-05-09 00:17:04,148.63150000000002,148.6495
1406,2023-05-09 00:17:05,148.633,148.651
1407,2023-05-09 00:17:09,148.634,148.652
1408,2023-05-09 00:17:11,148.635,148.653
1409,2023-05-09 00:17:12,148.633,148.651
1412,2023-05-09 00:17:16,148.6275,148.6455
1414,2023-05-09 00:17:17,148.626,148.644
1418,2023-05-09 00:17:18,148.63,148.648
1419,2023-05-09 00:17:19,148.633,148.651
1420,2023-05-09 00:17:21,148.6345,148.65249999999997
1422,2023-05-09 00:17:22,148.633,148.651
1425,2023-05-09 00:17:26,148.6295,148.64749999999998
1427,2023-05-09 00:17:27,148.627,148.645
1428,2023-05-09 00:17:28,148.62849999999997,148.6465
1430,2023-05-09 00:17:29,148.633,148.651
1431,2023-05-09 00:17:30,148.633,148.651
1434,2023-05-09 00:17:33,148.6345,148.65249999999997
1436,2023-05-09 00:17:34,148.635,148.653
1437,2023-05-09 00:17:36,148.634,148.652
1438,2023-05-09 00:17:37,148.632,148.65
1439,2023-05-09 00:17:38,148.634,148.652
1440,2023-05-09 00:17:39,148.6325,148.65050000000002
1442,2023-05-09 00:17:40,148.632,148.65
1443,2023-05-09 00:17:41,148.63400000000001,148.652
1445,2023-05-09 00:17:42,148.635,148.653
1448,2023-05-09 00:17:43,148.6325,148.6505
1450,2023-05-09 00:17:44,148.6335,148.6515
1452,2023-05-09 00:17:45,148.632,148.65
1453,2023-05-09 00:17:46,148.633,148.651
1454,2023-05-09 00:17:47,148.6275,148.6455
1456,2023-05-09 00:17:50,148.626,148.644
1457,2023-05-09 00:17:51,148.627,148.645
1460,2023-05-09 00:17:52,148.63,148.648
1461,2023-05-09 00:17:53,148.626,148.644
1464,2023-05-09 00:17:56,148.623,148.64100000000002
1466,2023-05-09 00:17:57,148.626,148.644
1467,2023-05-09 00:17:58,148.62650000000002,148.6445
1471,2023-05-09 00:18:00,148.628,148.646
1472,2023-05-09 00:18:01,148.628,148.64600000000002
1474,2023-05-09 00:18:03,148.628,148.646
1475,2023-05-09 00:18:04,148.63150000000002,148.6495
1479,2023-05-09 00:18:05,148.631,148.649
1480,2023-05-09 00:18:07,148.6295,148.64749999999998
1482,2023-05-09 00:18:08,148.627,148.64499999999998
1484,2023-05-09 00:18:09,148.629,148.647
1485,2023-05-09 00:18:10,148.631,148.649
1486,2023-05-09 00:18:11,148.633,148.651
1487,2023-05-09 00:18:12,148.632,148.65
1490,2023-05-09 00:18:15,148.6365,148.65449999999998
1492,2023-05-09 00:18:16,148.637,148.655
1493,2023-05-09 00:18:17,148.63549999999998,148.6535
1495,2023-05-09 00:18:18,148.635,148.653
1496,2023-05-09 00:18:21,148.636,148.654
1497,2023-05-09 00:18:27,148.635,148.653
1498,2023-05-09 00:18:28,148.633,148.651
1501,2023-05-09 00:18:29,148.6325,148.65050000000002
1503,2023-05-09 00:18:30,148.635,148.653
1504,2023-05-09 00:18:32,148.638,148.656
1508,2023-05-09 00:18:34,148.635,148.653
1509,2023-05-09 00:18:36,148.629,148.647
1510,2023-05-09 00:18:38,148.62,148.638
1513,2023-05-09 00:18:39,148.618,148.636
1514,2023-05-09 00:18:40,148.619,148.637
1515,2023-05-09 00:18:42,148.625,148.643
1516,2023-05-09 00:18:43,148.626,148.644
1517,2023-05-09 00:18:45,148.627,148.645
1518,2023-05-09 00:18:46,148.626,148.644
1519,2023-05-09 00:18:47,148.626,148.644
1521,2023-05-09 00:18:48,148.62650000000002,148.6445
1523,2023-05-09 00:18:53,148.62849999999997,148.6465
1525,2023-05-09 00:18:54,148.6295,148.64749999999998
1527,2023-05-09 00:18:55,148.629,148.647
1528,2023-05-09 00:18:57,148.62650000000002,148.6445
1530,2023-05-09 00:18:58,148.6245,148.64249999999998
1532,2023-05-09 00:18:59,148.624,148.642
1534,2023-05-09 00:19:00,148.625,148.643
1535,2023-05-09 00:19:01,148.619,148.637
1536,2023-05-09 00:19:02,148.619,148.637
1539,2023-05-09 00:19:03,148.617,148.635
1540,2023-05-09 00:19:05,148.618,148.636
1541,2023-05-09 00:19:06,148.61599999999999,148.63400000000001
1543,2023-05-09 00:19:09,148.61599999999999,148.63400000000001
1545,2023-05-09 00:19:10,148.6135,148.6315
1547,2023-05-09 00:19:11,148.608,148.626
1548,2023-05-09 00:19:12,148.609,148.627
1549,2023-05-09 00:19:13,148.61,148.628
1550,2023-05-09 00:19:14,148.611,148.629
1551,2023-05-09 00:19:15,148.61,148.628
1552,2023-05-09 00:19:18,148.614,148.632
1555,2023-05-09 00:19:19,148.613,148.631
1556,2023-05-09 00:19:20,148.612,148.63
1557,2023-05-09 00:19:21,148.613,148.631
1558,2023-05-09 00:19:22,148.613,148.631
1561,2023-05-09 00:19:23,148.616,148.634
1562,2023-05-09 00:19:26,148.615,148.633
1563,2023-05-09 00:19:27,148.616,148.634
1564,2023-05-09 00:19:28,148.617,148.635
1565,2023-05-09 00:19:29,148.6155,148.6335
1569,2023-05-09 00:19:30,148.608,148.62599999999998
1571,2023-05-09 00:19:31,148.601,148.619
1572,2023-05-09 00:19:32,148.602,148.62
1573,2023-05-09 00:19:34,148.6005,148.61849999999998
1575,2023-05-09 00:19:36,148.5915,148.60950000000003
1579,2023-05-09 00:19:38,148.59,148.608
1580,2023-05-09 00:19:39,148.592,148.61
1583,2023-05-09 00:19:40,148.59199999999998,148.61
1585,2023-05-09 00:19:41,148.593,148.611
1588,2023-05-09 00:19:42,148.595,148.613
1591,2023-05-09 00:19:43,148.593,148.611
1592,2023-05-09 00:19:44,148.5935,148.6115
1594,2023-05-09 00:19:46,148.594,148.612
1595,2023-05-09 00:19:48,148.59449999999998,148.6125
1597,2023-05-09 00:19:49,148.603,148.621
1598,2023-05-09 00:19:55,148.6015,148.61950000000002
1600,2023-05-09 00:19:56,148.6015,148.61950000000002
1602,2023-05-09 00:19:57,148.601,148.619
1603,2023-05-09 00:19:58,148.5985,148.6165
1605,2023-05-09 00:19:59,148.594,148.61200000000002
1607,2023-05-09 00:20:00,148.5915,148.6095
1609,2023-05-09 00:20:01,148.594,148.612
1610,2023-05-09 00:20:02,148.595,148.613
1611,2023-05-09 00:20:03,148.593,148.611
1614,2023-05-09 00:20:04,148.6,148.618
1616,2023-05-09 00:20:05,148.607,148.625
1619,2023-05-09 00:20:08,148.611,148.629
1620,2023-05-09 00:20:15,148.607,148.625
1622,2023-05-09 00:20:16,148.60750000000002,148.6255
1624,2023-05-09 00:20:19,148.607,148.625
1625,2023-05-09 00:20:20,148.6085,148.62650000000002
1627,2023-05-09 00:20:21,148.60750000000002,148.6255
1629,2023-05-09 00:20:22,148.609,148.627
1630,2023-05-09 00:20:23,148.608,148.626
1631,2023-05-09 00:20:24,148.6085,148.62650000000002
1633,2023-05-09 00:20:25,148.604,148.622
1636,2023-05-09 00:20:28,148.608,148.626
1639,2023-05-09 00:20:29,148.61,148.628
1642,2023-05-09 00:20:32,148.6085,148.62650000000002
1644,2023-05-09 00:20:33,148.6125,148.63049999999998
1646,2023-05-09 00:20:39,148.61,148.628
1647,2023-05-09 00:20:40,148.609,148.627
1648,2023-05-09 00:20:41,148.612,148.63
1649,2023-05-09 00:20:42,148.613,148.631
1650,2023-05-09 00:20:43,148.6155,148.6335
1652,2023-05-09 00:20:45,148.616,148.634
1653,2023-05-09 00:20:46,148.615,148.633
1654,2023-05-09 00:20:47,148.61450000000002,148.6325
1656,2023-05-09 00:20:48,148.614,148.632
1657,2023-05-09 00:20:51,148.619,148.637
1658,2023-05-09 00:20:52,148.62,148.638
1659,2023-05-09 00:20:53,148.621,148.639
1660,2023-05-09 00:20:54,148.6255,148.64350000000002
1662,2023-05-09 00:20:55,148.6225,148.64049999999997
1664,2023-05-09 00:20:56,148.624,148.642
1665,2023-05-09 00:20:57,148.623,148.641
1666,2023-05-09 00:20:58,148.626,148.644
1669,2023-05-09 00:20:59,148.627,148.645
1670,2023-05-09 00:21:00,148.6285,148.6465
1672,2023-05-09 00:21:01,148.631,148.649
1673,2023-05-09 00:21:03,148.632,148.65
1674,2023-05-09 00:21:04,148.633,148.651
1675,2023-05-09 00:21:05,148.632,148.65
1676,2023-05-09 00:21:06,148.6325,148.65050000000002
1678,2023-05-09 00:21:07,148.635,148.65300000000002
1680,2023-05-09 00:21:08,148.636,148.654
1681,2023-05-09 00:21:10,148.63549999999998,148.6535
1683,2023-05-09 00:21:11,148.637,148.655
1684,2023-05-09 00:21:12,148.638,148.656
1685,2023-05-09 00:21:13,148.637,148.655
1686,2023-05-09 00:21:15,148.642,148.66
1687,2023-05-09 00:21:16,148.6385,148.6565
1689,2023-05-09 00:21:17,148.6375,148.65550000000002
1693,2023-05-09 00:21:18,148.6395,148.6575
1695,2023-05-09 00:21:20,148.64049999999997,148.6585
1697,2023-05-09 00:21:22,148.644,148.662
1698,2023-05-09 00:21:24,148.645,148.663
1699,2023-05-09 00:21:25,148.6465,148.66449999999998
1701,2023-05-09 00:21:26,148.6445,148.66250000000002
1703,2023-05-09 00:21:29,148.645,148.663
1704,2023-05-09 00:21:30,148.644,148.662
1705,2023-05-09 00:21:31,148.647,148.665
1708,2023-05-09 00:21:34,148.649,148.667
1709,2023-05-09 00:21:36,148.6455,148.6635
1713,2023-05-09 00:21:37,148.6455,148.6635
1715,2023-05-09 00:21:38,148.647,148.665
1716,2023-05-09 00:21:41,148.648,148.666
1717,2023-05-09 00:21:44,148.647,148.665
1718,2023-05-09 00:21:45,148.64749999999998,148.6655
1720,2023-05-09 00:21:46,148.64749999999998,148.6655
1722,2023-05-09 00:21:47,148.648,148.666
1723,2023-05-09 00:21:56,148.64749999999998,148.6655
1725,2023-05-09 00:22:00,148.64749999999998,148.6655
1727,2023-05-09 00:22:01,148.646,148.664
1728,2023-05-09 00:22:02,148.645,148.663
1731,2023-05-09 00:22:03,148.646,148.664
1734,2023-05-09 00:22:05,148.646,148.664
1735,2023-05-09 00:22:06,148.646,148.664
1738,2023-05-09 00:22:07,148.6455,148.6635
1740,2023-05-09 00:22:08,148.6465,148.66449999999998
1742,2023-05-09 00:22:09,148.6455,148.6635
1744,2023-05-09 00:22:10,148.647,148.665
1746,2023-05-09 00:22:13,148.647,148.665
1747,2023-05-09 00:22:14,148.648,148.666
1748,2023-05-09 00:22:15,148.647,148.665
1749,2023-05-09 00:22:17,148.646,148.664
1750,2023-05-09 00:22:20,148.6465,148.6645
1752,2023-05-09 00:22:21,148.6465,148.66449999999998
1754,2023-05-09 00:22:25,148.645,148.663
1755,2023-05-09 00:22:27,148.6485,148.66649999999998
1757,2023-05-09 00:22:28,148.649,148.667
1758,2023-05-09 00:22:30,148.653,148.671
1759,2023-05-09 00:22:31,148.659,148.677
1762,2023-05-09 00:22:32,148.658,148.676
1763,2023-05-09 00:22:36,148.657,148.675
1764,2023-05-09 00:22:37,148.653,148.671
1767,2023-05-09 00:22:38,148.653,148.671
1768,2023-05-09 00:22:40,148.652,148.67
1769,2023-05-09 00:22:41,148.655,148.673
1771,2023-05-09 00:22:43,148.65449999999998,148.6725
1773,2023-05-09 00:22:44,148.655,148.673
1774,2023-05-09 00:22:46,148.651,148.669
1775,2023-05-09 00:22:47,148.643,148.661
1778,2023-05-09 00:22:48,148.64,148.658
1779,2023-05-09 00:22:49,148.643,148.661
1780,2023-05-09 00:22:50,148.644,148.662
1781,2023-05-09 00:22:51,148.642,148.66
1782,2023-05-09 00:22:53,148.6415,148.65949999999998
1784,2023-05-09 00:22:54,148.643,148.661
1785,2023-05-09 00:22:56,148.641,148.659
1786,2023-05-09 00:22:57,148.638,148.656
1787,2023-05-09 00:23:00,148.638,148.656
1788,2023-05-09 00:23:01,148.637,148.655
1789,2023-05-09 00:23:07,148.636,148.654
1792,2023-05-09 00:23:08,148.637,148.655
1793,2023-05-09 00:23:09,148.636,148.654
1794,2023-05-09 00:23:10,148.638,148.656
1795,2023-05-09 00:23:11,148.637,148.655
1796,2023-05-09 00:23:12,148.635,148.653
1797,2023-05-09 00:23:13,148.637,148.655
1798,2023-05-09 00:23:14,148.626,148.644
1801,2023-05-09 00:23:15,148.623,148.641
1804,2023-05-09 00:23:16,148.622,148.64
1805,2023-05-09 00:23:17,148.624,148.642
1807,2023-05-09 00:23:18,148.62650000000002,148.6445
1809,2023-05-09 00:23:19,148.63049999999998,148.6485
1811,2023-05-09 00:23:20,148.6335,148.6515
1813,2023-05-09 00:23:21,148.638,148.656
1814,2023-05-09 00:23:22,148.63549999999998,148.6535
1816,2023-05-09 00:23:25,148.634,148.652
1817,2023-05-09 00:23:26,148.635,148.653
1821,2023-05-09 00:23:27,148.63400000000001,148.652
1825,2023-05-09 00:23:29,148.63299999999998,148.651
1827,2023-05-09 00:23:30,148.63,148.648
1830,2023-05-09 00:23:33,148.629,148.647
1833,2023-05-09 00:23:35,148.63,148.648
1834,2023-05-09 00:23:36,148.629,148.647
1835,2023-05-09 00:23:37,148.63299999999998,148.651
1837,2023-05-09 00:23:40,148.633,148.651
1838,2023-05-09 00:23:41,148.635,148.653
1839,2023-05-09 00:23:43,148.636,148.654
1840,2023-05-09 00:23:47,148.634,148.652
1841,2023-05-09 00:23:48,148.632,148.65
1842,2023-05-09 00:23:49,148.633,148.651
1843,2023-05-09 00:23:50,148.627,148.645
1844,2023-05-09 00:23:51,148.626,148.644
1847,2023-05-09 00:23:52,148.627,148.645
1848,2023-05-09 00:23:53,148.628,148.646
1849,2023-05-09 00:23:55,148.627,148.645
1852,2023-05-09 00:23:56,148.625,148.643
1853,2023-05-09 00:23:57,148.626,148.644
1854,2023-05-09 00:24:00,148.62650000000002,148.6445
1856,2023-05-09 00:24:01,148.627,148.645
1859,2023-05-09 00:24:02,148.626,148.644
1860,2023-05-09 00:24:03,148.626,148.644
1863,2023-05-09 00:24:05,148.626,148.644
1864,2023-05-09 00:24:06,148.627,148.645
1865,2023-05-09 00:24:07,148.624,148.642
1866,2023-05-09 00:24:08,148.623,148.641
1867,2023-05-09 00:24:10,148.625,148.643
1868,2023-05-09 00:24:11,148.623,148.641
1869,2023-05-09 00:24:13,148.624,148.642
1870,2023-05-09 00:24:14,148.6225,148.64049999999997
1872,2023-05-09 00:24:15,148.625,148.643
1873,2023-05-09 00:24:16,148.621,148.639
1874,2023-05-09 00:24:17,148.6225,148.64049999999997
1876,2023-05-09 00:24:18,148.62150000000003,148.6395
1878,2023-05-09 00:24:20,148.622,148.64
1879,2023-05-09 00:24:22,148.624,148.642
1882,2023-05-09 00:24:23,148.621,148.639
1885,2023-05-09 00:24:24,148.619,148.637
1886,2023-05-09 00:24:27,148.618,148.636
1887,2023-05-09 00:24:28,148.62,148.638
1890,2023-05-09 00:24:29,148.619,148.637
1891,2023-05-09 00:24:31,148.623,148.641
1892,2023-05-09 00:24:32,148.61849999999998,148.6365
1894,2023-05-09 00:24:33,148.62,148.638
1895,2023-05-09 00:24:34,148.62150000000003,148.6395
1897,2023-05-09 00:24:35,148.62,148.638
1898,2023-05-09 00:24:36,148.621,148.639
1899,2023-05-09 00:24:37,148.625,148.643
1900,2023-05-09 00:24:38,148.6245,148.64249999999998
1902,2023-05-09 00:24:39,148.627,148.645
1905,2023-05-09 00:24:40,148.625,148.643
1907,2023-05-09 00:24:41,148.6255,148.64350000000002
1909,2023-05-09 00:24:42,148.63,148.648
1910,2023-05-09 00:24:43,148.6275,148.6455
1912,2023-05-09 00:24:44,148.6275,148.6455
1914,2023-05-09 00:24:45,148.62650000000002,148.6445
1916,2023-05-09 00:24:48,148.629,148.647
1919,2023-05-09 00:24:49,148.629,148.647
1920,2023-05-09 00:24:51,148.63,148.648
1921,2023-05-09 00:24:52,148.6275,148.6455
1925,2023-05-09 00:24:53,148.627,148.645
1926,2023-05-09 00:24:54,148.628,148.646
1927,2023-05-09 00:24:56,148.627,148.645
1928,2023-05-09 00:24:57,148.626,148.644
1929,2023-05-09 00:24:58,148.6255,148.64350000000002
1931,2023-05-09 00:24:59,148.625,148.643
1932,2023-05-09 00:25:00,148.625,148.643
1933,2023-05-09 00:25:01,148.626,148.644
1934,2023-05-09 00:25:02,148.625,148.643
1935,2023-05-09 00:25:04,148.6235,148.6415
1937,2023-05-09 00:25:05,148.62650000000002,148.6445
1939,2023-05-09 00:25:07,148.628,148.646
1940,2023-05-09 00:25:08,148.635,148.653
1941,2023-05-09 00:25:09,148.6365,148.65449999999998
1943,2023-05-09 00:25:10,148.637,148.655
1944,2023-05-09 00:25:11,148.63549999999998,148.6535
1946,2023-05-09 00:25:12,148.633,148.651
1947,2023-05-09 00:25:13,148.629,148.647
1948,2023-05-09 00:25:14,148.63,148.648
1951,2023-05-09 00:25:15,148.63,148.648
1954,2023-05-09 00:25:16,148.633,148.651
1955,2023-05-09 00:25:17,148.629,148.647
1956,2023-05-09 00:25:18,148.628,148.646
1957,2023-05-09 00:25:19,148.631,148.649
1960,2023-05-09 00:25:20,148.633,148.651
1961,2023-05-09 00:25:21,148.634,148.652
1962,2023-05-09 00:25:22,148.633,148.651
1963,2023-05-09 00:25:26,148.634,148.652
1964,2023-05-09 00:25:27,148.635,148.653
1967,2023-05-09 00:25:28,148.63400000000001,148.652
1969,2023-05-09 00:25:29,148.633,148.651
1973,2023-05-09 00:25:30,148.634,148.652
1974,2023-05-09 00:25:32,148.631,148.649
1975,2023-05-09 00:25:34,148.635,148.653
1976,2023-05-09 00:25:39,148.6345,148.6525
1978,2023-05-09 00:25:40,148.6345,148.65249999999997
1980,2023-05-09 00:25:41,148.63150000000002,148.6495
1982,2023-05-09 00:25:44,148.6345,148.65249999999997
1984,2023-05-09 00:25:45,148.634,148.652
1985,2023-05-09 00:25:46,148.631,148.649
1986,2023-05-09 00:25:48,148.63,148.648
1989,2023-05-09 00:25:49,148.629,148.647
1990,2023-05-09 00:25:51,148.63,148.648
1993,2023-05-09 00:25:52,148.6295,148.64749999999998
1995,2023-05-09 00:25:53,148.638,148.656
1996,2023-05-09 00:25:54,148.639,148.657
1997,2023-05-09 00:25:55,148.638,148.656
1998,2023-05-09 00:26:00,148.63850000000002,148.6565
2000,2023-05-09 00:26:01,148.637,148.655
2001,2023-05-09 00:26:02,148.638,148.656
2002,2023-05-09 00:26:04,148.63850000000002,148.6565
2004,2023-05-09 00:26:08,148.63850000000002,148.6565
2006,2023-05-09 00:26:09,148.64350000000002,148.6615
2008,2023-05-09 00:26:10,148.63049999999998,148.6485
2010,2023-05-09 00:26:12,148.632,148.65
2013,2023-05-09 00:26:14,148.634,148.652
2014,2023-05-09 00:26:15,148.6345,148.65249999999997
2016,2023-05-09 00:26:16,148.635,148.653
2017,2023-05-09 00:26:18,148.636,148.654
2018,2023-05-09 00:26:19,148.635,148.653
2019,2023-05-09 00:26:20,148.63099999999997,148.649
2023,2023-05-09 00:26:25,148.626,148.644
2024,2023-05-09 00:26:26,148.63,148.648
2026,2023-05-09 00:26:30,148.627,148.645
2029,2023-05-09 00:26:31,148.628,148.646
2030,2023-05-09 00:26:34,148.633,148.651
2031,2023-05-09 00:26:36,148.628,148.646
2032,2023-05-09 00:26:37,148.621,148.639
2033,2023-05-09 00:26:38,148.624,148.642
2036,2023-05-09 00:26:39,148.62,148.638
2037,2023-05-09 00:26:40,148.618,148.636
2038,2023-05-09 00:26:41,148.6165,148.6345
2040,2023-05-09 00:26:42,148.615,148.633
2041,2023-05-09 00:26:46,148.611,148.629
2042,2023-05-09 00:26:47,148.606,148.624
2044,2023-05-09 00:26:48,148.604,148.622
2045,2023-05-09 00:26:49,148.606,148.624
2047,2023-05-09 00:26:50,148.6085,148.62650000000002
2049,2023-05-09 00:26:51,148.608,148.626
2052,2023-05-09 00:26:52,148.60950000000003,148.6275
2054,2023-05-09 00:26:53,148.609,148.627
2055,2023-05-09 00:26:54,148.61,148.628
2058,2023-05-09 00:26:56,148.611,148.629
2059,2023-05-09 00:26:57,148.6105,148.62849999999997
2061,2023-05-09 00:27:00,148.6105,148.62849999999997
2063,2023-05-09 00:27:01,148.61,148.628
2066,2023-05-09 00:27:02,148.609,148.627
2067,2023-05-09 00:27:03,148.61,148.628
2068,2023-05-09 00:27:04,148.61,148.628
2070,2023-05-09 00:27:05,148.61,148.628
2071,2023-05-09 00:27:06,148.6105,148.62849999999997
2073,2023-05-09 00:27:09,148.6085,148.62650000000002
2075,2023-05-09 00:27:10,148.61,148.628
2078,2023-05-09 00:27:11,148.60750000000002,148.6255
2080,2023-05-09 00:27:13,148.608,148.626
2081,2023-05-09 00:27:17,148.61,148.628
2082,2023-05-09 00:27:18,148.609,148.627
2083,2023-05-09 00:27:21,148.607,148.625
2084,2023-05-09 00:27:22,148.6055,148.62349999999998
2086,2023-05-09 00:27:29,148.606,148.624
2089,2023-05-09 00:27:30,148.6045,148.6225
2091,2023-05-09 00:27:32,148.607,148.625
2093,2023-05-09 00:27:33,148.609,148.627
2094,2023-05-09 00:27:35,148.61,148.628
2095,2023-05-09 00:27:37,148.611,148.629
2096,2023-05-09 00:27:38,148.61,148.628
2097,2023-05-09 00:27:39,148.60950000000003,148.6275
2099,2023-05-09 00:27:41,148.607,148.625
2100,2023-05-09 00:27:42,148.60250000000002,148.6205
2102,2023-05-09 00:27:46,148.603,148.621
2103,2023-05-09 00:27:47,148.602,148.62
2104,2023-05-09 00:27:48,148.603,148.621
2105,2023-05-09 00:27:55,148.609,148.627
2106,2023-05-09 00:27:56,148.6125,148.63049999999998
2108,2023-05-09 00:27:57,148.60950000000003,148.6275
2110,2023-05-09 00:27:59,148.61,148.628
2111,2023-05-09 00:28:00,148.608,148.626
2114,2023-05-09 00:28:01,148.6085,148.62650000000002
2116,2023-05-09 00:28:02,148.609,148.627
2117,2023-05-09 00:28:04,148.612,148.63
2119,2023-05-09 00:28:05,148.61,148.628
2120,2023-05-09 00:28:07,148.611,148.629
2121,2023-05-09 00:28:11,148.608,148.626
2122,2023-05-09 00:28:12,148.60649999999998,148.6245
2124,2023-05-09 00:28:13,148.607,148.625
2125,2023-05-09 00:28:14,148.60750000000002,148.6255
2127,2023-05-09 00:28:16,148.60649999999998,148.6245
2129,2023-05-09 00:28:17,148.61149999999998,148.6295
2131,2023-05-09 00:28:19,148.613,148.631
2132,2023-05-09 00:28:22,148.6125,148.63049999999998
2134,2023-05-09 00:28:23,148.62,148.638
2135,2023-05-09 00:28:24,148.62349999999998,148.6415
2137,2023-05-09 00:28:25,148.632,148.65
2138,2023-05-09 00:28:26,148.6375,148.65550000000002
2140,2023-05-09 00:28:27,148.638,148.656
2141,2023-05-09 00:28:28,148.637,148.655
2142,2023-05-09 00:28:29,148.636,148.654
2143,2023-05-09 00:28:30,148.635,148.653
2144,2023-05-09 00:28:32,148.634,148.652
2145,2023-05-09 00:28:35,148.633,148.651
2146,2023-05-09 00:28:36,148.636,148.654
2147,2023-05-09 00:28:39,148.634,148.652
2148,2023-05-09 00:28:42,148.6335,148.6515
2150,2023-05-09 00:28:43,148.6395,148.6575
2152,2023-05-09 00:28:44,148.639,148.657
2153,2023-05-09 00:28:46,148.638,148.656
2155,2023-05-09 00:28:48,148.638,148.656
2156,2023-05-09 00:28:50,148.6375,148.65550000000002
2158,2023-05-09 00:28:53,148.637,148.655
2159,2023-05-09 00:28:54,148.638,148.656
2160,2023-05-09 00:28:58,148.637,148.655
2161,2023-05-09 00:29:00,148.638,148.656
2163,2023-05-09 00:29:01,148.64049999999997,148.6585
2165,2023-05-09 00:29:03,148.646,148.664
2166,2023-05-09 00:29:04,148.64499999999998,148.663
2168,2023-05-09 00:29:05,148.647,148.665
2169,2023-05-09 00:29:08,148.646,148.664
2170,2023-05-09 00:29:09,148.647,148.665
2171,2023-05-09 00:29:11,148.656,148.674
2172,2023-05-09 00:29:12,148.655,148.673
2173,2023-05-09 00:29:15,148.656,148.674
2174,2023-05-09 00:29:16,148.65550000000002,148.6735
2176,2023-05-09 00:29:18,148.652,148.67
2177,2023-05-09 00:29:19,148.653,148.671
2180,2023-05-09 00:29:20,148.657,148.675
2183,2023-05-09 00:29:21,148.6605,148.67849999999999
2185,2023-05-09 00:29:22,148.657,148.675
2188,2023-05-09 00:29:23,148.653,148.671
2189,2023-05-09 00:29:25,148.655,148.673
2190,2023-05-09 00:29:27,148.656,148.674
2191,2023-05-09 00:29:30,148.657,148.675
2192,2023-05-09 00:29:36,148.658,148.676
2193,2023-05-09 00:29:38,148.662,148.68
2196,2023-05-09 00:29:39,148.663,148.681
2199,2023-05-09 00:29:43,148.661,148.679
2200,2023-05-09 00:29:47,148.659,148.677
2201,2023-05-09 00:29:53,148.657,148.675
2204,2023-05-09 00:29:55,148.658,148.676
2205,2023-05-09 00:29:57,148.657,148.675
2206,2023-05-09 00:29:59,148.65,148.668
2207,2023-05-09 00:30:00,148.6495,148.66750000000002
2209,2023-05-09 00:30:01,148.64749999999998,148.6655
2211,2023-05-09 00:30:02,148.648,148.666
2212,2023-05-09 00:30:03,148.6535,148.6715
2214,2023-05-09 00:30:04,148.65550000000002,148.6735
2216,2023-05-09 00:30:06,148.655,148.673
2217,2023-05-09 00:30:07,148.6515,148.6695
2219,2023-05-09 00:30:08,148.64,148.658
2220,2023-05-09 00:30:09,148.634,148.652
2221,2023-05-09 00:30:10,148.631,148.649
2222,2023-05-09 00:30:12,148.62849999999997,148.6465
2224,2023-05-09 00:30:13,148.629,148.647
2225,2023-05-09 00:30:14,148.627,148.64499999999998
2227,2023-05-09 00:30:15,148.625,148.643
2230,2023-05-09 00:30:16,148.627,148.645
2231,2023-05-09 00:30:17,148.625,148.643
2232,2023-05-09 00:30:18,148.626,148.644
2235,2023-05-09 00:30:19,148.619,148.637
2238,2023-05-09 00:30:20,148.6185,148.6365
2240,2023-05-09 00:30:21,148.621,148.639
2243,2023-05-09 00:30:22,148.622,148.64
2244,2023-05-09 00:30:23,148.624,148.642
2247,2023-05-09 00:30:24,148.626,148.644
2250,2023-05-09 00:30:25,148.627,148.645
2251,2023-05-09 00:30:26,148.63,148.648
2252,2023-05-09 00:30:28,148.63049999999998,148.6485
2254,2023-05-09 00:30:29,148.63150000000002,148.6495
2256,2023-05-09 00:30:30,148.635,148.653
2258,2023-05-09 00:30:31,148.639,148.657
2259,2023-05-09 00:30:32,148.637,148.655
2260,2023-05-09 00:30:33,148.6375,148.65550000000002
2262,2023-05-09 00:30:35,148.638,148.656
2263,2023-05-09 00:30:40,148.6395,148.6575
2265,2023-05-09 00:30:42,148.642,148.66
2266,2023-05-09 00:30:46,148.6485,148.66649999999998
2268,2023-05-09 00:30:47,148.6485,148.66649999999998
2270,2023-05-09 00:30:49,148.649,148.667
2271,2023-05-09 00:30:56,148.65,148.668
2272,2023-05-09 00:31:00,148.651,148.66899999999998
2274,2023-05-09 00:31:01,148.65,148.668
2275,2023-05-09 00:31:02,148.649,148.667
2276,2023-05-09 00:31:03,148.65050000000002,148.6685
2278,2023-05-09 00:31:04,148.651,148.669
2279,2023-05-09 00:31:05,148.649,148.667
2280,2023-05-09 00:31:06,148.65,148.668
2281,2023-05-09 00:31:08,148.651,148.669
2282,2023-05-09 00:31:09,148.652,148.67
2283,2023-05-09 00:31:10,148.651,148.669
2284,2023-05-09 00:31:14,148.652,148.67
2287,2023-05-09 00:31:15,148.658,148.676
2288,2023-05-09 00:31:16,148.6585,148.67649999999998
2290,2023-05-09 00:31:18,148.657,148.675
2291,2023-05-09 00:31:19,148.659,148.677
2294,2023-05-09 00:31:20,148.6575,148.6755
2296,2023-05-09 00:31:22,148.658,148.676
2297,2023-05-09 00:31:24,148.6575,148.6755
2299,2023-05-09 00:31:25,148.6585,148.67649999999998
2301,2023-05-09 00:31:33,148.659,148.677
2302,2023-05-09 00:31:34,148.6575,148.6755
2304,2023-05-09 00:31:35,148.65699999999998,148.675
2306,2023-05-09 00:31:38,148.655,148.673
2307,2023-05-09 00:31:40,148.656,148.674
2308,2023-05-09 00:31:41,148.651,148.66899999999998
2310,2023-05-09 00:31:42,148.646,148.664
2313,2023-05-09 00:31:43,148.6445,148.66250000000002
2315,2023-05-09 00:31:44,148.643,148.661
2316,2023-05-09 00:31:47,148.642,148.66
2317,2023-05-09 00:31:53,148.641,148.659
2318,2023-05-09 00:31:54,148.637,148.655
2322,2023-05-09 00:31:57,148.6275,148.6455
2324,2023-05-09 00:31:58,148.62349999999998,148.6415
2326,2023-05-09 00:31:59,148.62349999999998,148.6415
2328,2023-05-09 00:32:00,148.623,148.641
2329,2023-05-09 00:32:01,148.622,148.64
2330,2023-05-09 00:32:02,148.625,148.643
2333,2023-05-09 00:32:03,148.627,148.645
2334,2023-05-09 00:32:04,148.627,148.64499999999998
2336,2023-05-09 00:32:05,148.628,148.646
2337,2023-05-09 00:32:06,148.626,148.644
2338,2023-05-09 00:32:07,148.628,148.64600000000002
2342,2023-05-09 00:32:08,148.63,148.648
2343,2023-05-09 00:32:09,148.631,148.649
2344,2023-05-09 00:32:10,148.632,148.65
2345,2023-05-09 00:32:12,148.634,148.652
2346,2023-05-09 00:32:19,148.633,148.651
2347,2023-05-09 00:32:22,148.632,148.65
2348,2023-05-09 00:32:23,148.633,148.651
2349,2023-05-09 00:32:24,148.632,148.65
2350,2023-05-09 00:32:25,148.63,148.648
2353,2023-05-09 00:32:26,148.628,148.646
2354,2023-05-09 00:32:29,148.629,148.647
2355,2023-05-09 00:32:34,148.63150000000002,148.6495
2357,2023-05-09 00:32:35,148.63,148.648
2359,2023-05-09 00:32:42,148.6295,148.64749999999998
2361,2023-05-09 00:32:43,148.628,148.646
2362,2023-05-09 00:32:44,148.628,148.64600000000002
2364,2023-05-09 00:32:45,148.626,148.644
2365,2023-05-09 00:32:46,148.627,148.645
2366,2023-05-09 00:32:50,148.6325,148.65050000000002
2368,2023-05-09 00:32:54,148.635,148.653
2369,2023-05-09 00:32:55,148.6325,148.65050000000002
2371,2023-05-09 00:33:00,148.632,148.65
2372,2023-05-09 00:33:01,148.63150000000002,148.6495
2374,2023-05-09 00:33:02,148.63150000000002,148.6495
2376,2023-05-09 00:33:06,148.631,148.649
2377,2023-05-09 00:33:09,148.63,148.648
2378,2023-05-09 00:33:10,148.61950000000002,148.6375
2380,2023-05-09 00:33:11,148.616,148.634
2381,2023-05-09 00:33:12,148.615,148.63299999999998
2383,2023-05-09 00:33:13,148.621,148.639
2384,2023-05-09 00:33:16,148.62,148.638
2386,2023-05-09 00:33:17,148.62,148.638
2387,2023-05-09 00:33:19,148.62349999999998,148.6415
2389,2023-05-09 00:33:20,148.625,148.643
2390,2023-05-09 00:33:23,148.624,148.642
2391,2023-05-09 00:33:24,148.625,148.643
2392,2023-05-09 00:33:25,148.624,148.642
2395,2023-05-09 00:33:26,148.6225,148.64049999999997
2397,2023-05-09 00:33:28,148.621,148.639
2398,2023-05-09 00:33:30,148.63,148.648
2400,2023-05-09 00:33:31,148.63049999999998,148.6485
2402,2023-05-09 00:33:32,148.632,148.65
2403,2023-05-09 00:33:35,148.6335,148.6515
2405,2023-05-09 00:33:36,148.63049999999998,148.6485
2407,2023-05-09 00:33:37,148.625,148.643
2410,2023-05-09 00:33:38,148.6205,148.6385
2412,2023-05-09 00:33:39,148.622,148.64
2414,2023-05-09 00:33:40,148.624,148.642
2415,2023-05-09 00:33:41,148.623,148.641
2416,2023-05-09 00:33:42,148.6225,148.64049999999997
2418,2023-05-09 00:33:43,148.628,148.646
2419,2023-05-09 00:33:44,148.629,148.647
2420,2023-05-09 00:33:45,148.6295,148.64749999999998
2422,2023-05-09 00:33:46,148.63,148.648
2423,2023-05-09 00:33:49,148.627,148.645
2426,2023-05-09 00:33:50,148.627,148.645
2429,2023-05-09 00:33:51,148.627,148.645
2430,2023-05-09 00:33:53,148.628,148.64600000000002
2432,2023-05-09 00:33:55,148.625,148.643
2433,2023-05-09 00:33:56,148.622,148.64
2434,2023-05-09 00:33:58,148.623,148.641
2435,2023-05-09 00:34:00,148.62349999999998,148.6415
2437,2023-05-09 00:34:04,148.625,148.643
2438,2023-05-09 00:34:06,148.623,148.641
2439,2023-05-09 00:34:07,148.622,148.64
2440,2023-05-09 00:34:10,148.623,148.641
2441,2023-05-09 00:34:13,148.622,148.64
2442,2023-05-09 00:34:16,148.62349999999998,148.6415
2444,2023-05-09 00:34:17,148.623,148.641
2445,2023-05-09 00:34:18,148.618,148.636
2447,2023-05-09 00:34:19,148.6175,148.63549999999998
2449,2023-05-09 00:34:22,148.618,148.636
2450,2023-05-09 00:34:23,148.6175,148.63549999999998
2452,2023-05-09 00:34:26,148.617,148.635
2453,2023-05-09 00:34:28,148.618,148.636
2454,2023-05-09 00:34:30,148.617,148.635
2455,2023-05-09 00:34:31,148.618,148.636
2456,2023-05-09 00:34:32,148.62150000000003,148.6395
2458,2023-05-09 00:34:34,148.621,148.639
2461,2023-05-09 00:34:35,148.62,148.638
2462,2023-05-09 00:34:36,148.618,148.636
2464,2023-05-09 00:34:38,148.618,148.636
2465,2023-05-09 00:34:39,148.619,148.637
2466,2023-05-09 00:34:40,148.62,148.638
2467,2023-05-09 00:34:42,148.614,148.632
2470,2023-05-09 00:34:46,148.612,148.63
2472,2023-05-09 00:34:47,148.609,148.627
2475,2023-05-09 00:34:48,148.60750000000002,148.6255
2477,2023-05-09 00:34:50,148.608,148.626
2478,2023-05-09 00:34:51,148.60649999999998,148.6245
2480,2023-05-09 00:34:54,148.61,148.628
2483,2023-05-09 00:34:55,148.609,148.627
2484,2023-05-09 00:34:56,148.607,148.625
2485,2023-05-09 00:34:57,148.607,148.625
2488,2023-05-09 00:34:59,148.60950000000003,148.6275
2490,2023-05-09 00:35:00,148.61,148.628
2491,2023-05-09 00:35:05,148.606,148.624
2494,2023-05-09 00:35:06,148.603,148.621
2495,2023-05-09 00:35:08,148.599,148.617
2496,2023-05-09 00:35:09,148.59949999999998,148.6175
2498,2023-05-09 00:35:14,148.59550000000002,148.6135
2500,2023-05-09 00:35:15,148.59550000000002,148.6135
2502,2023-05-09 00:35:16,148.596,148.614
2503,2023-05-09 00:35:17,148.59550000000002,148.6135
2505,2023-05-09 00:35:22,148.595,148.613
2506,2023-05-09 00:35:24,148.596,148.614
2507,2023-05-09 00:35:25,148.595,148.613
2508,2023-05-09 00:35:27,148.59449999999998,148.6125
2510,2023-05-09 00:35:31,148.5935,148.61149999999998
2512,2023-05-09 00:35:34,148.591,148.609
2513,2023-05-09 00:35:35,148.5935,148.61149999999998
2515,2023-05-09 00:35:36,148.594,148.612
2516,2023-05-09 00:35:38,148.59550000000002,148.6135
2518,2023-05-09 00:35:41,148.59449999999998,148.6125
2520,2023-05-09 00:35:44,148.594,148.612
2521,2023-05-09 00:35:45,148.595,148.613
2522,2023-05-09 00:35:46,148.596,148.614
2523,2023-05-09 00:35:47,148.59449999999998,148.6125
2525,2023-05-09 00:35:57,148.592,148.61
2526,2023-05-09 00:36:00,148.592,148.61
2527,2023-05-09 00:36:01,148.5935,148.61149999999998
2529,2023-05-09 00:36:03,148.592,148.61
2530,2023-05-09 00:36:06,148.594,148.612
2531,2023-05-09 00:36:09,148.5925,148.6105
2533,2023-05-09 00:36:18,148.5915,148.60950000000003
2535,2023-05-09 00:36:19,148.593,148.611
2536,2023-05-09 00:36:24,148.592,148.61
2537,2023-05-09 00:36:26,148.5915,148.60950000000003
2539,2023-05-09 00:36:27,148.591,148.609
2540,2023-05-09 00:36:29,148.59,148.608
2541,2023-05-09 00:36:30,148.591,148.609
2542,2023-05-09 00:36:38,148.59,148.608
2543,2023-05-09 00:36:40,148.589,148.607
2544,2023-05-09 00:36:41,148.59,148.608
2545,2023-05-09 00:36:45,148.58550000000002,148.6035
2547,2023-05-09 00:36:46,148.585,148.603
2548,2023-05-09 00:36:52,148.586,148.604
2549,2023-05-09 00:36:57,148.58749999999998,148.6055
2551,2023-05-09 00:36:59,148.58550000000002,148.6035
2553,2023-05-09 00:37:00,148.585,148.603
2554,2023-05-09 00:37:04,148.579,148.597
2555,2023-05-09 00:37:05,148.578,148.596
2556,2023-05-09 00:37:07,148.579,148.597
2557,2023-05-09 00:37:08,148.578,148.596
2558,2023-05-09 00:37:15,148.57850000000002,148.5965
2560,2023-05-09 00:37:16,148.579,148.597
2561,2023-05-09 00:37:21,148.581,148.599
2562,2023-05-09 00:37:27,148.589,148.607
2563,2023-05-09 00:37:28,148.594,148.612
2567,2023-05-09 00:37:29,148.593,148.611
2568,2023-05-09 00:37:30,148.597,148.615
2569,2023-05-09 00:37:31,148.596,148.614
2571,2023-05-09 00:37:32,148.59750000000003,148.6155
2573,2023-05-09 00:37:34,148.596,148.614
2574,2023-05-09 00:37:37,148.594,148.612
2576,2023-05-09 00:37:38,148.592,148.61
2577,2023-05-09 00:37:39,148.593,148.611
2578,2023-05-09 00:37:40,148.59199999999998,148.61
2582,2023-05-09 00:37:41,148.5915,148.60950000000003
2584,2023-05-09 00:37:42,148.59,148.608
2587,2023-05-09 00:37:45,148.59050000000002,148.6085
2589,2023-05-09 00:37:46,148.591,148.609
2590,2023-05-09 00:37:47,148.592,148.61
2591,2023-05-09 00:37:48,148.59199999999998,148.61
2593,2023-05-09 00:37:49,148.59,148.608
2594,2023-05-09 00:37:57,148.5885,148.60649999999998
2596,2023-05-09 00:37:59,148.579,148.597
2597,2023-05-09 00:38:00,148.579,148.597
2598,2023-05-09 00:38:01,148.575,148.593
2599,2023-05-09 00:38:02,148.577,148.595
2602,2023-05-09 00:38:03,148.576,148.594
2605,2023-05-09 00:38:05,148.577,148.595
2606,2023-05-09 00:38:07,148.579,148.597
2607,2023-05-09 00:38:11,148.58,148.598
2608,2023-05-09 00:38:15,148.582,148.6
2610,2023-05-09 00:38:18,148.582,148.6
2611,2023-05-09 00:38:19,148.58350000000002,148.6015
2613,2023-05-09 00:38:24,148.587,148.605
2614,2023-05-09 00:38:26,148.588,148.606
2615,2023-05-09 00:38:28,148.5885,148.60649999999998
2617,2023-05-09 00:38:29,148.585,148.603
2619,2023-05-09 00:38:30,148.585,148.603
2620,2023-05-09 00:38:34,148.584,148.602
2621,2023-05-09 00:38:37,148.5845,148.60250000000002
2623,2023-05-09 00:38:39,148.583,148.601
2624,2023-05-09 00:38:40,148.582,148.6
2625,2023-05-09 00:38:41,148.583,148.601
2626,2023-05-09 00:38:42,148.581,148.599
2627,2023-05-09 00:38:47,148.58,148.598
2628,2023-05-09 00:38:48,148.579,148.597
2629,2023-05-09 00:38:50,148.5805,148.5985
2633,2023-05-09 00:38:52,148.58350000000002,148.6015
2635,2023-05-09 00:38:54,148.583,148.601
2636,2023-05-09 00:38:55,148.5815,148.59949999999998
2638,2023-05-09 00:38:58,148.579,148.597
2639,2023-05-09 00:38:59,148.578,148.596
2640,2023-05-09 00:39:00,148.5775,148.59550000000002
2642,2023-05-09 00:39:01,148.5745,148.5925
2644,2023-05-09 00:39:02,148.57150000000001,148.5895
2646,2023-05-09 00:39:09,148.569,148.587
2647,2023-05-09 00:39:14,148.562,148.58
2648,2023-05-09 00:39:15,148.564,148.582
2651,2023-05-09 00:39:16,148.565,148.583
2652,2023-05-09 00:39:17,148.566,148.584
2653,2023-05-09 00:39:19,148.567,148.585
2654,2023-05-09 00:39:20,148.565,148.583
2655,2023-05-09 00:39:21,148.567,148.585
2657,2023-05-09 00:39:23,148.572,148.59
2658,2023-05-09 00:39:24,148.5695,148.58749999999998
2660,2023-05-09 00:39:25,148.568,148.586
2661,2023-05-09 00:39:26,148.569,148.587
2662,2023-05-09 00:39:27,148.571,148.589
2663,2023-05-09 00:39:28,148.57350000000002,148.5915
2665,2023-05-09 00:39:29,148.573,148.591
2666,2023-05-09 00:39:30,148.57150000000001,148.5895
2668,2023-05-09 00:39:31,148.573,148.591
2669,2023-05-09 00:39:37,148.572,148.59
2670,2023-05-09 00:39:38,148.569,148.587
2671,2023-05-09 00:39:39,148.568,148.586
2672,2023-05-09 00:39:40,148.565,148.583
2675,2023-05-09 00:39:43,148.568,148.586
2676,2023-05-09 00:39:45,148.567,148.585
2677,2023-05-09 00:39:48,148.568,148.586
2678,2023-05-09 00:39:49,148.567,148.585
2679,2023-05-09 00:39:50,148.563,148.581
2680,2023-05-09 00:39:54,148.565,148.583
2681,2023-05-09 00:39:55,148.5645,148.58249999999998
2683,2023-05-09 00:39:56,148.564,148.582
2684,2023-05-09 00:39:57,148.5675,148.5855
2686,2023-05-09 00:40:00,148.5685,148.5865
2688,2023-05-09 00:40:01,148.569,148.587
2691,2023-05-09 00:40:02,148.57049999999998,148.5885
2693,2023-05-09 00:40:07,148.571,148.589
2694,2023-05-09 00:40:08,148.57049999999998,148.5885
2696,2023-05-09 00:40:09,148.569,148.587
2697,2023-05-09 00:40:10,148.57,148.588
2700,2023-05-09 00:40:11,148.565,148.583
2703,2023-05-09 00:40:12,148.57,148.588
2704,2023-05-09 00:40:15,148.571,148.589
2705,2023-05-09 00:40:16,148.572,148.59
2707,2023-05-09 00:40:17,148.57350000000002,148.5915
2709,2023-05-09 00:40:24,148.5725,148.59050000000002
2711,2023-05-09 00:40:26,148.571,148.589
2712,2023-05-09 00:40:30,148.57,148.588
2713,2023-05-09 00:40:31,148.5725,148.59050000000002
2715,2023-05-09 00:40:32,148.575,148.59300000000002
2717,2023-05-09 00:40:33,148.575,148.593
2718,2023-05-09 00:40:38,148.576,148.594
2719,2023-05-09 00:40:39,148.57049999999998,148.5885
2721,2023-05-09 00:40:41,148.571,148.589
2722,2023-05-09 00:40:42,148.57150000000001,148.5895
2724,2023-05-09 00:40:43,148.57150000000001,148.5895
2726,2023-05-09 00:40:45,148.572,148.59
2727,2023-05-09 00:40:49,148.571,148.589
2728,2023-05-09 00:40:50,148.5685,148.5865
2730,2023-05-09 00:40:51,148.56650000000002,148.5845
2732,2023-05-09 00:40:52,148.566,148.584
2733,2023-05-09 00:40:55,148.565,148.583
2734,2023-05-09 00:41:00,148.566,148.584
2735,2023-05-09 00:41:02,148.565,148.583
2736,2023-05-09 00:41:03,148.566,148.584
2737,2023-05-09 00:41:04,148.565,148.583
2738,2023-05-09 00:41:10,148.5645,148.58249999999998
2740,2023-05-09 00:41:11,148.564,148.582
2741,2023-05-09 00:41:12,148.565,148.583
2742,2023-05-09 00:41:15,148.566,148.584
2743,2023-05-09 00:41:16,148.565,148.583
2744,2023-05-09 00:41:17,148.559,148.577
2746,2023-05-09 00:41:19,148.548,148.566
2748,2023-05-09 00:41:20,148.54500000000002,148.563
2752,2023-05-09 00:41:21,148.545,148.563
2755,2023-05-09 00:41:23,148.554,148.572
2756,2023-05-09 00:41:26,148.554,148.572
2758,2023-05-09 00:41:28,148.554,148.572
2759,2023-05-09 00:41:29,148.555,148.573
2760,2023-05-09 00:41:30,148.554,148.572
2761,2023-05-09 00:41:31,148.5555,148.57350000000002
2763,2023-05-09 00:41:32,148.555,148.573
2764,2023-05-09 00:41:33,148.5555,148.57350000000002
2766,2023-05-09 00:41:34,148.556,148.574
2767,2023-05-09 00:41:40,148.557,148.575
2768,2023-05-09 00:41:42,148.5555,148.57350000000002
2770,2023-05-09 00:41:44,148.556,148.574
2771,2023-05-09 00:41:46,148.555,148.573
2772,2023-05-09 00:41:48,148.553,148.571
2773,2023-05-09 00:41:49,148.558,148.576
2776,2023-05-09 00:41:52,148.55849999999998,148.5765
2778,2023-05-09 00:41:53,148.562,148.58
2779,2023-05-09 00:41:54,148.561,148.579
2780,2023-05-09 00:41:55,148.56,148.578
2781,2023-05-09 00:41:59,148.564,148.582
2782,2023-05-09 00:42:00,148.564,148.582
2783,2023-05-09 00:42:01,148.561,148.579
2784,2023-05-09 00:42:02,148.559,148.577
2785,2023-05-09 00:42:04,148.564,148.582
2787,2023-05-09 00:42:05,148.565,148.583
2788,2023-05-09 00:42:06,148.566,148.584
2789,2023-05-09 00:42:12,148.567,148.585
2790,2023-05-09 00:42:13,148.569,148.587
2791,2023-05-09 00:42:14,148.5685,148.5865
2793,2023-05-09 00:42:16,148.568,148.586
2794,2023-05-09 00:42:17,148.573,148.591
2796,2023-05-09 00:42:18,148.57549999999998,148.5935
2798,2023-05-09 00:42:19,148.577,148.595
2800,2023-05-09 00:42:20,148.577,148.595
2801,2023-05-09 00:42:22,148.576,148.594
2802,2023-05-09 00:42:26,148.577,148.595
2803,2023-05-09 00:42:32,148.575,148.593
2804,2023-05-09 00:42:33,148.576,148.594
2805,2023-05-09 00:42:39,148.577,148.595
2806,2023-05-09 00:42:40,148.57850000000002,148.5965
2808,2023-05-09 00:42:41,148.58,148.598
2809,2023-05-09 00:42:43,148.577,148.595
2810,2023-05-09 00:42:44,148.581,148.599
2811,2023-05-09 00:42:48,148.5795,148.59750000000003
2813,2023-05-09 00:42:51,148.5765,148.59449999999998
2815,2023-05-09 00:42:52,148.57350000000002,148.5915
2817,2023-05-09 00:42:56,148.57049999999998,148.5885
2821,2023-05-09 00:43:00,148.569,148.587
2822,2023-05-09 00:43:01,148.5685,148.5865
2824,2023-05-09 00:43:02,148.5685,148.5865
2826,2023-05-09 00:43:04,148.568,148.586
2827,2023-05-09 00:43:05,148.57,148.588
2828,2023-05-09 00:43:07,148.57,148.588
2831,2023-05-09 00:43:09,148.568,148.586
2834,2023-05-09 00:43:10,148.5655,148.58350000000002
2836,2023-05-09 00:43:11,148.5685,148.5865
2838,2023-05-09 00:43:12,148.5695,148.58749999999998
2840,2023-05-09 00:43:15,148.57,148.588
2841,2023-05-09 00:43:19,148.571,148.589
2842,2023-05-09 00:43:21,148.573,148.591
2843,2023-05-09 00:43:23,148.572,148.59
2844,2023-05-09 00:43:25,148.5765,148.59449999999998
2846,2023-05-09 00:43:28,148.5775,148.59550000000002
2848,2023-05-09 00:43:29,148.578,148.596
2849,2023-05-09 00:43:31,148.577,148.595
2850,2023-05-09 00:43:33,148.5735,148.5915
2852,2023-05-09 00:43:34,148.578,148.596
2853,2023-05-09 00:43:35,148.579,148.597
2854,2023-05-09 00:43:36,148.582,148.6
2855,2023-05-09 00:43:39,148.5845,148.60250000000002
2857,2023-05-09 00:43:40,148.585,148.603
2858,2023-05-09 00:43:41,148.5845,148.60250000000002
2860,2023-05-09 00:43:43,148.5845,148.60250000000002
2862,2023-05-09 00:43:46,148.58550000000002,148.6035
2864,2023-05-09 00:43:49,148.58550000000002,148.6035
2866,2023-05-09 00:43:53,148.58550000000002,148.6035
2868,2023-05-09 00:43:56,148.586,148.604
2871,2023-05-09 00:43:58,148.587,148.605
2874,2023-05-09 00:44:00,148.591,148.609
2875,2023-05-09 00:44:01,148.592,148.61
2876,2023-05-09 00:44:06,148.591,148.609
2877,2023-05-09 00:44:09,148.592,148.61
2878,2023-05-09 00:44:10,148.591,148.609
2879,2023-05-09 00:44:13,148.59,148.608
2880,2023-05-09 00:44:14,148.589,148.607
2881,2023-05-09 00:44:16,148.5865,148.6045
2883,2023-05-09 00:44:19,148.5865,148.6045
2885,2023-05-09 00:44:20,148.5865,148.6045
2887,2023-05-09 00:44:21,148.586,148.604
2890,2023-05-09 00:44:22,148.5865,148.6045
2892,2023-05-09 00:44:23,148.58550000000002,148.6035
2894,2023-05-09 00:44:24,148.592,148.61
2895,2023-05-09 00:44:25,148.589,148.607
2898,2023-05-09 00:44:26,148.587,148.605
2899,2023-05-09 00:44:30,148.586,148.604
2900,2023-05-09 00:44:31,148.593,148.611
2901,2023-05-09 00:44:32,148.592,148.61
2902,2023-05-09 00:44:34,148.593,148.611
2903,2023-05-09 00:44:37,148.594,148.612
2904,2023-05-09 00:44:38,148.592,148.61
2905,2023-05-09 00:44:39,148.593,148.611
2906,2023-05-09 00:44:40,148.594,148.612
2907,2023-05-09 00:44:41,148.592,148.61
2908,2023-05-09 00:44:42,148.593,148.611
2909,2023-05-09 00:44:43,148.594,148.612
2910,2023-05-09 00:44:44,148.59449999999998,148.6125
2912,2023-05-09 00:44:47,148.594,148.612
2914,2023-05-09 00:44:49,148.589,148.607
2915,2023-05-09 00:44:51,148.592,148.61
2916,2023-05-09 00:44:52,148.59,148.608
2918,2023-05-09 00:44:53,148.585,148.603
2920,2023-05-09 00:44:54,148.587,148.605
2921,2023-05-09 00:44:56,148.586,148.604
2924,2023-05-09 00:44:57,148.5895,148.60750000000002
2926,2023-05-09 00:44:58,148.5925,148.6105
2928,2023-05-09 00:44:59,148.591,148.609
2929,2023-05-09 00:45:00,148.589,148.607
2931,2023-05-09 00:45:01,148.586,148.604
2932,2023-05-09 00:45:02,148.587,148.605
2933,2023-05-09 00:45:04,148.585,148.603
2934,2023-05-09 00:45:10,148.586,148.604
2935,2023-05-09 00:45:11,148.58550000000002,148.6035
2937,2023-05-09 00:45:13,148.587,148.605
2938,2023-05-09 00:45:16,148.586,148.604
2939,2023-05-09 00:45:18,148.585,148.603
2940,2023-05-09 00:45:19,148.584,148.602
2941,2023-05-09 00:45:20,148.582,148.6
2944,2023-05-09 00:45:21,148.58,148.598
2945,2023-05-09 00:45:22,148.5815,148.59949999999998
2947,2023-05-09 00:45:26,148.578,148.596
2949,2023-05-09 00:45:28,148.578,148.596
2950,2023-05-09 00:45:29,148.579,148.597
2951,2023-05-09 00:45:30,148.578,148.596
2952,2023-05-09 00:45:39,148.576,148.594
2953,2023-05-09 00:45:40,148.578,148.596
2954,2023-05-09 00:45:41,148.576,148.594
2955,2023-05-09 00:45:43,148.5745,148.5925
2957,2023-05-09 00:45:44,148.5745,148.5925
2959,2023-05-09 00:45:45,148.57850000000002,148.5965
2961,2023-05-09 00:45:46,148.5775,148.59550000000002
2963,2023-05-09 00:45:47,148.5775,148.59550000000002
2965,2023-05-09 00:45:48,148.582,148.6
2968,2023-05-09 00:45:51,148.579,148.597
2969,2023-05-09 00:45:54,148.581,148.599
2970,2023-05-09 00:45:55,148.577,148.595
2973,2023-05-09 00:45:59,148.578,148.596
2974,2023-05-09 00:46:00,148.5795,148.59750000000003
2976,2023-05-09 00:46:02,148.581,148.599
2977,2023-05-09 00:46:08,148.583,148.601
2979,2023-05-09 00:46:09,148.582,148.6
2980,2023-05-09 00:46:10,148.583,148.601
2981,2023-05-09 00:46:11,148.584,148.602
2982,2023-05-09 00:46:12,148.583,148.601
2983,2023-05-09 00:46:13,148.583,148.601
2985,2023-05-09 00:46:20,148.577,148.595
2986,2023-05-09 00:46:24,148.576,148.594
2987,2023-05-09 00:46:25,148.575,148.593
2988,2023-05-09 00:46:26,148.576,148.594
2989,2023-05-09 00:46:27,148.577,148.595
2990,2023-05-09 00:46:29,148.576,148.594
2991,2023-05-09 00:46:31,148.577,148.595
2992,2023-05-09 00:46:32,148.576,148.594
2993,2023-05-09 00:46:34,148.577,148.595
2994,2023-05-09 00:46:35,148.575,148.593
2995,2023-05-09 00:46:36,148.576,148.594
2996,2023-05-09 00:46:37,148.578,148.596
2997,2023-05-09 00:46:39,148.577,148.595
2998,2023-05-09 00:46:40,148.576,148.594
2999,2023-05-09 00:46:41,148.577,148.595
3000,2023-05-09 00:46:48,148.576,148.594
3001,2023-05-09 00:46:49,148.5765,148.59449999999998
3003,2023-05-09 00:46:50,148.577,148.595
3004,2023-05-09 00:46:51,148.578,148.596
3005,2023-05-09 00:46:52,148.577,148.595
3006,2023-05-09 00:46:55,148.576,148.594
3007,2023-05-09 00:46:57,148.577,148.595
3008,2023-05-09 00:47:00,148.577,148.595
3009,2023-05-09 00:47:02,148.578,148.596
3010,2023-05-09 00:47:03,148.577,148.595
3011,2023-05-09 00:47:05,148.57999999999998,148.598
3013,2023-05-09 00:47:06,148.584,148.602
3015,2023-05-09 00:47:09,148.584,148.602
3016,2023-05-09 00:47:10,148.581,148.599
3017,2023-05-09 00:47:11,148.57850000000002,148.5965
3019,2023-05-09 00:47:12,148.576,148.594
3020,2023-05-09 00:47:13,148.5765,148.59449999999998
3022,2023-05-09 00:47:15,148.576,148.594
3023,2023-05-09 00:47:16,148.57850000000002,148.5965
3025,2023-05-09 00:47:17,148.58249999999998,148.6005
3027,2023-05-09 00:47:18,148.584,148.602
3028,2023-05-09 00:47:19,148.587,148.60500000000002
3030,2023-05-09 00:47:20,148.593,148.611
3033,2023-05-09 00:47:21,148.593,148.611
3034,2023-05-09 00:47:22,148.595,148.613
3036,2023-05-09 00:47:23,148.5935,148.61149999999998
3038,2023-05-09 00:47:24,148.592,148.61
3039,2023-05-09 00:47:27,148.5925,148.6105
3041,2023-05-09 00:47:28,148.593,148.611
3042,2023-05-09 00:47:30,148.592,148.61
3043,2023-05-09 00:47:31,148.591,148.609
3044,2023-05-09 00:47:35,148.59050000000002,148.6085
3046,2023-05-09 00:47:36,148.59050000000002,148.6085
3048,2023-05-09 00:47:41,148.59,148.608
3049,2023-05-09 00:47:43,148.591,148.609
3050,2023-05-09 00:47:46,148.592,148.61
3051,2023-05-09 00:47:47,148.593,148.611
3052,2023-05-09 00:47:54,148.592,148.61
3053,2023-05-09 00:47:57,148.594,148.612
3054,2023-05-09 00:47:58,148.597,148.615
3055,2023-05-09 00:47:59,148.596,148.614
3056,2023-05-09 00:48:00,148.596,148.614
3057,2023-05-09 00:48:01,148.594,148.612
3058,2023-05-09 00:48:02,148.593,148.611
3059,2023-05-09 00:48:04,148.599,148.61700000000002
3061,2023-05-09 00:48:05,148.599,148.617
3062,2023-05-09 00:48:06,148.6,148.618
3063,2023-05-09 00:48:07,148.59449999999998,148.6125
3065,2023-05-09 00:48:09,148.593,148.611
3066,2023-05-09 00:48:10,148.598,148.616
3069,2023-05-09 00:48:11,148.602,148.62
3070,2023-05-09 00:48:12,148.599,148.617
3071,2023-05-09 00:48:13,148.598,148.616
3072,2023-05-09 00:48:14,148.599,148.617
3075,2023-05-09 00:48:15,148.601,148.619
3078,2023-05-09 00:48:16,148.6045,148.6225
3080,2023-05-09 00:48:17,148.608,148.626
3081,2023-05-09 00:48:18,148.61,148.628
3082,2023-05-09 00:48:19,148.611,148.629
3083,2023-05-09 00:48:20,148.615,148.633
3086,2023-05-09 00:48:21,148.614,148.632
3087,2023-05-09 00:48:22,148.612,148.63
3088,2023-05-09 00:48:23,148.6135,148.63150000000002
3090,2023-05-09 00:48:25,148.61450000000002,148.6325
3092,2023-05-09 00:48:26,148.616,148.634
3093,2023-05-09 00:48:27,148.61599999999999,148.63400000000001
3095,2023-05-09 00:48:29,148.619,148.637
3097,2023-05-09 00:48:30,148.621,148.639
3100,2023-05-09 00:48:31,148.6205,148.6385
3102,2023-05-09 00:48:32,148.618,148.636
3105,2023-05-09 00:48:33,148.622,148.64
3106,2023-05-09 00:48:34,148.622,148.64
3108,2023-05-09 00:48:37,148.622,148.64
3109,2023-05-09 00:48:39,148.626,148.644
3110,2023-05-09 00:48:44,148.623,148.641
3111,2023-05-09 00:48:45,148.62349999999998,148.6415
3113,2023-05-09 00:48:46,148.625,148.643
3114,2023-05-09 00:48:47,148.61599999999999,148.63400000000001
3116,2023-05-09 00:48:49,148.615,148.633
3117,2023-05-09 00:48:50,148.614,148.632
3118,2023-05-09 00:48:51,148.615,148.633
3119,2023-05-09 00:48:52,148.614,148.632
3120,2023-05-09 00:48:55,148.613,148.631
3121,2023-05-09 00:48:57,148.612,148.63
3122,2023-05-09 00:48:58,148.611,148.629
3123,2023-05-09 00:48:59,148.61149999999998,148.6295
3125,2023-05-09 00:49:00,148.612,148.63
3126,2023-05-09 00:49:02,148.618,148.636
3127,2023-05-09 00:49:03,148.619,148.637
3130,2023-05-09 00:49:04,148.618,148.636
3131,2023-05-09 00:49:05,148.62,148.638
3134,2023-05-09 00:49:06,148.62,148.638
3138,2023-05-09 00:49:07,148.616,148.634
3139,2023-05-09 00:49:08,148.618,148.636
3140,2023-05-09 00:49:09,148.612,148.63
3142,2023-05-09 00:49:12,148.613,148.631
3144,2023-05-09 00:49:13,148.613,148.631
3147,2023-05-09 00:49:14,148.613,148.631
3148,2023-05-09 00:49:15,148.611,148.629
3149,2023-05-09 00:49:17,148.6085,148.62650000000002
3151,2023-05-09 00:49:18,148.609,148.627
3152,2023-05-09 00:49:19,148.6105,148.62849999999997
3154,2023-05-09 00:49:20,148.61,148.628
3155,2023-05-09 00:49:22,148.6045,148.6225
3157,2023-05-09 00:49:24,148.605,148.623
3158,2023-05-09 00:49:27,148.606,148.624
3159,2023-05-09 00:49:31,148.607,148.625
3160,2023-05-09 00:49:34,148.603,148.621
3163,2023-05-09 00:49:36,148.604,148.622
3164,2023-05-09 00:49:38,148.599,148.61700000000002
3166,2023-05-09 00:49:39,148.594,148.612
3167,2023-05-09 00:49:43,148.595,148.613
3168,2023-05-09 00:49:46,148.594,148.612
3169,2023-05-09 00:49:47,148.596,148.614
3170,2023-05-09 00:49:48,148.59449999999998,148.6125
3172,2023-05-09 00:49:49,148.597,148.615
3173,2023-05-09 00:49:51,148.598,148.616
3174,2023-05-09 00:49:52,148.5965,148.61450000000002
3176,2023-05-09 00:49:53,148.599,148.617
3177,2023-05-09 00:49:54,148.597,148.615
3178,2023-05-09 00:49:55,148.59750000000003,148.6155
3180,2023-05-09 00:49:58,148.603,148.621
3181,2023-05-09 00:49:59,148.604,148.622
3182,2023-05-09 00:50:00,148.603,148.621
3183,2023-05-09 00:50:01,148.602,148.62
3184,2023-05-09 00:50:03,148.60250000000002,148.6205
3186,2023-05-09 00:50:04,148.6035,148.62150000000003
3188,2023-05-09 00:50:05,148.602,148.62
3191,2023-05-09 00:50:06,148.607,148.625
3192,2023-05-09 00:50:07,148.61149999999998,148.6295
3194,2023-05-09 00:50:08,148.613,148.631
3195,2023-05-09 00:50:09,148.612,148.63
3196,2023-05-09 00:50:10,148.616,148.634
3197,2023-05-09 00:50:13,148.6175,148.63549999999998
3199,2023-05-09 00:50:14,148.618,148.636
3200,2023-05-09 00:50:17,148.61849999999998,148.6365
3202,2023-05-09 00:50:18,148.614,148.632
3203,2023-05-09 00:50:19,148.615,148.633
3204,2023-05-09 00:50:20,148.618,148.636
3205,2023-05-09 00:50:25,148.6165,148.6345
3207,2023-05-09 00:50:29,148.62,148.638
3208,2023-05-09 00:50:31,148.619,148.637
3209,2023-05-09 00:50:33,148.6225,148.6405
3211,2023-05-09 00:50:34,148.623,148.641
3214,2023-05-09 00:50:35,148.622,148.64
3217,2023-05-09 00:50:36,148.624,148.642
3218,2023-05-09 00:50:37,148.625,148.643
3219,2023-05-09 00:50:39,148.626,148.644
3220,2023-05-09 00:50:41,148.62349999999998,148.6415
3222,2023-05-09 00:50:43,148.626,148.644
3223,2023-05-09 00:50:44,148.627,148.645
3224,2023-05-09 00:50:45,148.6275,148.6455
3226,2023-05-09 00:50:46,148.627,148.645
3227,2023-05-09 00:50:47,148.629,148.647
3228,2023-05-09 00:50:48,148.628,148.646
3229,2023-05-09 00:50:50,148.629,148.647
3230,2023-05-09 00:50:51,148.63,148.648
3231,2023-05-09 00:50:52,148.631,148.649
3233,2023-05-09 00:50:53,148.637,148.655
3236,2023-05-09 00:50:54,148.636,148.654
3239,2023-05-09 00:50:55,148.63549999999998,148.6535
3241,2023-05-09 00:50:56,148.637,148.655
3242,2023-05-09 00:51:00,148.637,148.655
3244,2023-05-09 00:51:01,148.641,148.659
3247,2023-05-09 00:51:02,148.645,148.663
3248,2023-05-09 00:51:03,148.6465,148.66449999999998
3250,2023-05-09 00:51:04,148.641,148.659
3251,2023-05-09 00:51:05,148.646,148.664
3254,2023-05-09 00:51:07,148.644,148.662
3255,2023-05-09 00:51:08,148.6465,148.66449999999998
3257,2023-05-09 00:51:09,148.646,148.664
3258,2023-05-09 00:51:11,148.64749999999998,148.6655
3260,2023-05-09 00:51:14,148.649,148.667
3261,2023-05-09 00:51:15,148.645,148.663
3264,2023-05-09 00:51:16,148.647,148.665
3265,2023-05-09 00:51:17,148.646,148.664
3266,2023-05-09 00:51:18,148.644,148.662
3268,2023-05-09 00:51:20,148.64600000000002,148.664
3270,2023-05-09 00:51:24,148.644,148.662
3271,2023-05-09 00:51:26,148.645,148.663
3272,2023-05-09 00:51:29,148.636,148.654
3273,2023-05-09 00:51:30,148.634,148.652
3276,2023-05-09 00:51:31,148.64,148.658
3279,2023-05-09 00:51:33,148.64,148.658
3280,2023-05-09 00:51:34,148.637,148.655
3282,2023-05-09 00:51:36,148.6245,148.64249999999998
3284,2023-05-09 00:51:37,148.616,148.634
3287,2023-05-09 00:51:38,148.607,148.625
3290,2023-05-09 00:51:39,148.601,148.619
3293,2023-05-09 00:51:40,148.595,148.613
3296,2023-05-09 00:51:43,148.6035,148.62150000000003
3300,2023-05-09 00:51:44,148.6035,148.62150000000003
3302,2023-05-09 00:51:45,148.606,148.624
3303,2023-05-09 00:51:47,148.60950000000003,148.6275
3305,2023-05-09 00:51:48,148.612,148.63
3307,2023-05-09 00:51:49,148.61450000000002,148.6325
3309,2023-05-09 00:51:50,148.614,148.632
3310,2023-05-09 00:51:51,148.615,148.633
3311,2023-05-09 00:51:52,148.6095,148.6275
3313,2023-05-09 00:51:53,148.609,148.627
3314,2023-05-09 00:51:54,148.609,148.627
3316,2023-05-09 00:51:55,148.613,148.631
3317,2023-05-09 00:51:56,148.615,148.633
3318,2023-05-09 00:51:58,148.616,148.634
3319,2023-05-09 00:51:59,148.6225,148.64049999999997
3321,2023-05-09 00:52:00,148.623,148.641
3325,2023-05-09 00:52:01,148.623,148.641
3326,2023-05-09 00:52:02,148.624,148.642
3327,2023-05-09 00:52:03,148.63,148.648
3328,2023-05-09 00:52:04,148.629,148.647
3329,2023-05-09 00:52:05,148.627,148.645
3330,2023-05-09 00:52:06,148.626,148.644
3331,2023-05-09 00:52:07,148.6245,148.64249999999998
3333,2023-05-09 00:52:09,148.626,148.644
3335,2023-05-09 00:52:10,148.623,148.641
3336,2023-05-09 00:52:12,148.622,148.64
3337,2023-05-09 00:52:13,148.624,148.642
3338,2023-05-09 00:52:15,148.623,148.641
3339,2023-05-09 00:52:18,148.625,148.643
3340,2023-05-09 00:52:19,148.626,148.644
3341,2023-05-09 00:52:21,148.627,148.645
3342,2023-05-09 00:52:22,148.62349999999998,148.6415
3344,2023-05-09 00:52:23,148.626,148.644
3345,2023-05-09 00:52:24,148.62349999999998,148.6415
3347,2023-05-09 00:52:25,148.632,148.64999999999998
3349,2023-05-09 00:52:27,148.632,148.65
3352,2023-05-09 00:52:28,148.629,148.647
3354,2023-05-09 00:52:29,148.637,148.655
3357,2023-05-09 00:52:30,148.633,148.651
3358,2023-05-09 00:52:31,148.631,148.649
3359,2023-05-09 00:52:32,148.638,148.656
3362,2023-05-09 00:52:33,148.6415,148.65949999999998
3364,2023-05-09 00:52:34,148.649,148.667
3366,2023-05-09 00:52:37,148.65300000000002,148.671
3368,2023-05-09 00:52:38,148.658,148.676
3369,2023-05-09 00:52:42,148.659,148.677
3370,2023-05-09 00:52:43,148.658,148.676
3371,2023-05-09 00:52:44,148.65949999999998,148.6775
3373,2023-05-09 00:52:45,148.661,148.679
3374,2023-05-09 00:52:47,148.668,148.686
3378,2023-05-09 00:52:48,148.664,148.682
3379,2023-05-09 00:52:49,148.66250000000002,148.6805
3381,2023-05-09 00:52:50,148.662,148.68
3384,2023-05-09 00:52:51,148.655,148.673
3387,2023-05-09 00:52:53,148.658,148.676
3388,2023-05-09 00:52:54,148.658,148.676
3391,2023-05-09 00:52:58,148.6615,148.67950000000002
3393,2023-05-09 00:52:59,148.661,148.679
3394,2023-05-09 00:53:00,148.6615,148.67950000000002
3396,2023-05-09 00:53:03,148.6615,148.67950000000002
3398,2023-05-09 00:53:04,148.661,148.679
3399,2023-05-09 00:53:05,148.668,148.686
3401,2023-05-09 00:53:06,148.672,148.69
3402,2023-05-09 00:53:07,148.6705,148.68849999999998
3404,2023-05-09 00:53:08,148.6695,148.6875
3406,2023-05-09 00:53:09,148.675,148.69299999999998
3408,2023-05-09 00:53:10,148.678,148.696
3409,2023-05-09 00:53:12,148.67450000000002,148.6925
3411,2023-05-09 00:53:13,148.676,148.694
3412,2023-05-09 00:53:14,148.675,148.693
3413,2023-05-09 00:53:15,148.676,148.694
3414,2023-05-09 00:53:16,148.677,148.695
3415,2023-05-09 00:53:17,148.678,148.696
3416,2023-05-09 00:53:18,148.6775,148.69549999999998
3418,2023-05-09 00:53:19,148.6755,148.6935
3420,2023-05-09 00:53:22,148.6725,148.6905
3422,2023-05-09 00:53:23,148.674,148.692
3424,2023-05-09 00:53:24,148.6735,148.69150000000002
3426,2023-05-09 00:53:26,148.673,148.691
3427,2023-05-09 00:53:27,148.6695,148.6875
3429,2023-05-09 00:53:28,148.66449999999998,148.6825
3431,2023-05-09 00:53:29,148.663,148.681
3434,2023-05-09 00:53:30,148.66449999999998,148.6825
3438,2023-05-09 00:53:32,148.674,148.692
3439,2023-05-09 00:53:34,148.672,148.69
3440,2023-05-09 00:53:35,148.673,148.691
3441,2023-05-09 00:53:37,148.671,148.689
3442,2023-05-09 00:53:42,148.677,148.695
3443,2023-05-09 00:53:43,148.676,148.694
3444,2023-05-09 00:53:44,148.678,148.696
3447,2023-05-09 00:53:45,148.683,148.701
3450,2023-05-09 00:53:46,148.678,148.696
3451,2023-05-09 00:53:47,148.67649999999998,148.6945
3453,2023-05-09 00:53:50,148.6735,148.69150000000002
3455,2023-05-09 00:53:53,148.674,148.692
3456,2023-05-09 00:53:54,148.674,148.692
3458,2023-05-09 00:53:55,148.6735,148.69150000000002
3460,2023-05-09 00:53:56,148.6735,148.69150000000002
3462,2023-05-09 00:53:57,148.672,148.69
3463,2023-05-09 00:53:58,148.6725,148.6905
3465,2023-05-09 00:53:59,148.673,148.691
3466,2023-05-09 00:54:00,148.6705,148.6885
3468,2023-05-09 00:54:02,148.677,148.695
3471,2023-05-09 00:54:03,148.67849999999999,148.69650000000001
3473,2023-05-09 00:54:04,148.6815,148.6995
3475,2023-05-09 00:54:05,148.686,148.704
3476,2023-05-09 00:54:07,148.687,148.705
3477,2023-05-09 00:54:08,148.678,148.696
3478,2023-05-09 00:54:09,148.677,148.695
3479,2023-05-09 00:54:10,148.676,148.694
3482,2023-05-09 00:54:14,148.677,148.695
3483,2023-05-09 00:54:15,148.678,148.696
3484,2023-05-09 00:54:16,148.666,148.684
3485,2023-05-09 00:54:17,148.658,148.676
3488,2023-05-09 00:54:18,148.657,148.675
3489,2023-05-09 00:54:19,148.658,148.676
3492,2023-05-09 00:54:20,148.656,148.674
3495,2023-05-09 00:54:21,148.6585,148.67649999999998
3497,2023-05-09 00:54:22,148.6575,148.6755
3499,2023-05-09 00:54:23,148.659,148.677
3500,2023-05-09 00:54:25,148.658,148.676
3501,2023-05-09 00:54:26,148.666,148.684
3503,2023-05-09 00:54:27,148.6655,148.68349999999998
3505,2023-05-09 00:54:29,148.657,148.675
3508,2023-05-09 00:54:30,148.655,148.673
3509,2023-05-09 00:54:31,148.654,148.672
3510,2023-05-09 00:54:32,148.655,148.673
3513,2023-05-09 00:54:34,148.64499999999998,148.663
3517,2023-05-09 00:54:35,148.6395,148.6575
3519,2023-05-09 00:54:36,148.646,148.664
3522,2023-05-09 00:54:37,148.652,148.67
3525,2023-05-09 00:54:38,148.647,148.665
3528,2023-05-09 00:54:39,148.6465,148.66449999999998
3530,2023-05-09 00:54:40,148.6445,148.66250000000002
3532,2023-05-09 00:54:42,148.6365,148.65449999999998
3536,2023-05-09 00:54:43,148.6335,148.6515
3538,2023-05-09 00:54:44,148.637,148.655
3541,2023-05-09 00:54:45,148.6345,148.65249999999997
3543,2023-05-09 00:54:46,148.634,148.652
3546,2023-05-09 00:54:47,148.641,148.659
3549,2023-05-09 00:54:48,148.64,148.65800000000002
3551,2023-05-09 00:54:49,148.635,148.653
3553,2023-05-09 00:54:52,148.63,148.648
3555,2023-05-09 00:54:53,148.62849999999997,148.6465
3557,2023-05-09 00:54:54,148.6295,148.64749999999998
3559,2023-05-09 00:54:55,148.623,148.641
3562,2023-05-09 00:54:56,148.624,148.642
3565,2023-05-09 00:54:57,148.62849999999997,148.6465
3567,2023-05-09 00:54:58,148.627,148.645
3570,2023-05-09 00:54:59,148.6245,148.64249999999998
3574,2023-05-09 00:55:00,148.6225,148.64049999999997
3578,2023-05-09 00:55:01,148.6325,148.65050000000002
3580,2023-05-09 00:55:02,148.632,148.65
3585,2023-05-09 00:55:03,148.634,148.652
3588,2023-05-09 00:55:04,148.63850000000002,148.6565
3590,2023-05-09 00:55:05,148.6365,148.65449999999998
3592,2023-05-09 00:55:06,148.6335,148.6515
3596,2023-05-09 00:55:07,148.627,148.645
3599,2023-05-09 00:55:08,148.6235,148.6415
3601,2023-05-09 00:55:09,148.614,148.632
3602,2023-05-09 00:55:10,148.6155,148.6335
3606,2023-05-09 00:55:11,148.615,148.63299999999998
3608,2023-05-09 00:55:13,148.615,148.633
3609,2023-05-09 00:55:14,148.616,148.634
3610,2023-05-09 00:55:15,148.615,148.633
3611,2023-05-09 00:55:16,148.616,148.634
3612,2023-05-09 00:55:17,148.615,148.633
3613,2023-05-09 00:55:18,148.6155,148.6335
3617,2023-05-09 00:55:19,148.60950000000003,148.6275
3619,2023-05-09 00:55:20,148.6105,148.62849999999997
3621,2023-05-09 00:55:22,148.6105,148.62849999999997
3623,2023-05-09 00:55:23,148.611,148.629
3624,2023-05-09 00:55:24,148.6125,148.63049999999998
3626,2023-05-09 00:55:25,148.612,148.63
3627,2023-05-09 00:55:26,148.6125,148.63049999999998
3629,2023-05-09 00:55:28,148.613,148.631
3630,2023-05-09 00:55:29,148.612,148.63
3631,2023-05-09 00:55:31,148.611,148.629
3632,2023-05-09 00:55:36,148.612,148.63
3633,2023-05-09 00:55:37,148.611,148.629
3634,2023-05-09 00:55:39,148.61149999999998,148.6295
3636,2023-05-09 00:55:40,148.613,148.631
3637,2023-05-09 00:55:41,148.61450000000002,148.6325
3639,2023-05-09 00:55:42,148.6125,148.63049999999998
3641,2023-05-09 00:55:43,148.612,148.63
3644,2023-05-09 00:55:44,148.614,148.632
3647,2023-05-09 00:55:45,148.61450000000002,148.6325
3649,2023-05-09 00:55:46,148.61450000000002,148.6325
3653,2023-05-09 00:55:47,148.6155,148.6335
3655,2023-05-09 00:55:52,148.61149999999998,148.6295
3657,2023-05-09 00:55:54,148.6105,148.6285
3659,2023-05-09 00:55:56,148.596,148.614
3662,2023-05-09 00:55:57,148.594,148.612
3664,2023-05-09 00:55:58,148.5935,148.61149999999998
3668,2023-05-09 00:56:00,148.594,148.612
3669,2023-05-09 00:56:01,148.5935,148.61149999999998
3671,2023-05-09 00:56:02,148.593,148.611
3672,2023-05-09 00:56:03,148.59449999999998,148.6125
3674,2023-05-09 00:56:04,148.596,148.614
3677,2023-05-09 00:56:05,148.596,148.614
3680,2023-05-09 00:56:07,148.59449999999998,148.6125
3682,2023-05-09 00:56:08,148.5935,148.61149999999998
3684,2023-05-09 00:56:09,148.5935,148.61149999999998
3688,2023-05-09 00:56:10,148.5875,148.6055
3690,2023-05-09 00:56:11,148.585,148.603
3694,2023-05-09 00:56:12,148.586,148.604
3695,2023-05-09 00:56:13,148.59,148.608
3697,2023-05-09 00:56:15,148.585,148.603
3699,2023-05-09 00:56:16,148.5875,148.6055
3703,2023-05-09 00:56:17,148.59,148.608
3707,2023-05-09 00:56:18,148.587,148.605
3710,2023-05-09 00:56:20,148.587,148.605
3711,2023-05-09 00:56:21,148.585,148.603
3712,2023-05-09 00:56:22,148.584,148.602
3713,2023-05-09 00:56:23,148.586,148.604
3714,2023-05-09 00:56:24,148.587,148.605
3715,2023-05-09 00:56:25,148.587,148.605
3718,2023-05-09 00:56:26,148.5925,148.6105
3720,2023-05-09 00:56:27,148.58800000000002,148.606
3722,2023-05-09 00:56:28,148.584,148.602
3723,2023-05-09 00:56:29,148.585,148.603
3724,2023-05-09 00:56:30,148.586,148.604
3725,2023-05-09 00:56:31,148.585,148.603
3726,2023-05-09 00:56:33,148.5915,148.60950000000003
3728,2023-05-09 00:56:36,148.59,148.608
3731,2023-05-09 00:56:39,148.591,148.609
3734,2023-05-09 00:56:40,148.594,148.612
3736,2023-05-09 00:56:41,148.593,148.611
3739,2023-05-09 00:56:42,148.5925,148.6105
3741,2023-05-09 00:56:43,148.5915,148.60950000000003
3743,2023-05-09 00:56:44,148.5925,148.6105
3745,2023-05-09 00:56:45,148.591,148.609
3746,2023-05-09 00:56:46,148.592,148.61
3747,2023-05-09 00:56:47,148.59750000000003,148.6155
3749,2023-05-09 00:56:49,148.59949999999998,148.6175
3751,2023-05-09 00:56:50,148.601,148.619
3752,2023-05-09 00:56:55,148.60250000000002,148.6205
3754,2023-05-09 00:56:56,148.602,148.62
3755,2023-05-09 00:57:00,148.602,148.62
3756,2023-05-09 00:57:01,148.603,148.621
3757,2023-05-09 00:57:03,148.6045,148.6225
3759,2023-05-09 00:57:04,148.604,148.622
3760,2023-05-09 00:57:06,148.6045,148.6225
3764,2023-05-09 00:57:07,148.605,148.623
3765,2023-05-09 00:57:11,148.606,148.624
3766,2023-05-09 00:57:12,148.605,148.623
3767,2023-05-09 00:57:13,148.606,148.624
3768,2023-05-09 00:57:14,148.605,148.623
3769,2023-05-09 00:57:17,148.6055,148.62349999999998
3771,2023-05-09 00:57:20,148.608,148.626
3772,2023-05-09 00:57:21,148.61,148.628
3775,2023-05-09 00:57:22,148.609,148.627
3776,2023-05-09 00:57:24,148.611,148.629
3777,2023-05-09 00:57:26,148.60950000000003,148.6275
3779,2023-05-09 00:57:27,148.608,148.626
3780,2023-05-09 00:57:29,148.613,148.631
3781,2023-05-09 00:57:30,148.612,148.63
3782,2023-05-09 00:57:34,148.608,148.626
3783,2023-05-09 00:57:35,148.606,148.624
3786,2023-05-09 00:57:36,148.604,148.622
3787,2023-05-09 00:57:37,148.606,148.624
3788,2023-05-09 00:57:38,148.6055,148.62349999999998
3790,2023-05-09 00:57:39,148.605,148.623
3791,2023-05-09 00:57:40,148.604,148.622
3792,2023-05-09 00:57:41,148.60250000000002,148.6205
3794,2023-05-09 00:57:43,148.597,148.615
3795,2023-05-09 00:57:44,148.596,148.614
3796,2023-05-09 00:57:46,148.5985,148.6165
3798,2023-05-09 00:57:47,148.604,148.622
3801,2023-05-09 00:57:48,148.604,148.622
3802,2023-05-09 00:57:52,148.603,148.621
3803,2023-05-09 00:57:56,148.602,148.62
3804,2023-05-09 00:57:58,148.602,148.62
3807,2023-05-09 00:57:59,148.601,148.619
3808,2023-05-09 00:58:00,148.5985,148.6165
3810,2023-05-09 00:58:01,148.593,148.611
3813,2023-05-09 00:58:02,148.587,148.605
3814,2023-05-09 00:58:03,148.588,148.606
3815,2023-05-09 00:58:05,148.587,148.605
3816,2023-05-09 00:58:06,148.584,148.602
3817,2023-05-09 00:58:08,148.585,148.603
3818,2023-05-09 00:58:09,148.582,148.6
3819,2023-05-09 00:58:11,148.575,148.59300000000002
3821,2023-05-09 00:58:12,148.572,148.59
3822,2023-05-09 00:58:13,148.577,148.595
3823,2023-05-09 00:58:16,148.582,148.6
3824,2023-05-09 00:58:18,148.583,148.601
3825,2023-05-09 00:58:19,148.584,148.602
3826,2023-05-09 00:58:21,148.583,148.601
3827,2023-05-09 00:58:22,148.58350000000002,148.6015
3831,2023-05-09 00:58:23,148.584,148.602
3832,2023-05-09 00:58:24,148.5815,148.59949999999998
3834,2023-05-09 00:58:26,148.582,148.6
3835,2023-05-09 00:58:28,148.581,148.599
3836,2023-05-09 00:58:30,148.5815,148.59949999999998
3838,2023-05-09 00:58:32,148.5795,148.59750000000003
3840,2023-05-09 00:58:35,148.581,148.599
3841,2023-05-09 00:58:37,148.58,148.598
3842,2023-05-09 00:58:40,148.5805,148.5985
3844,2023-05-09 00:58:42,148.577,148.595
3845,2023-05-09 00:58:43,148.5765,148.59449999999998
3847,2023-05-09 00:58:44,148.576,148.594
3848,2023-05-09 00:58:45,148.577,148.595
3849,2023-05-09 00:58:46,148.576,148.594
3850,2023-05-09 00:58:47,148.577,148.595
3851,2023-05-09 00:58:49,148.575,148.59300000000002
3853,2023-05-09 00:58:50,148.571,148.589
3856,2023-05-09 00:58:51,148.572,148.59
3858,2023-05-09 00:58:52,148.573,148.591
3861,2023-05-09 00:58:57,148.574,148.592
3864,2023-05-09 00:58:59,148.5765,148.59449999999998
3866,2023-05-09 00:59:00,148.5765,148.59449999999998
3868,2023-05-09 00:59:01,148.576,148.594
3869,2023-05-09 00:59:02,148.575,148.593
3870,2023-05-09 00:59:03,148.575,148.593
3873,2023-05-09 00:59:05,148.564,148.582
3876,2023-05-09 00:59:06,148.56650000000002,148.5845
3878,2023-05-09 00:59:08,148.569,148.587
3879,2023-05-09 00:59:10,148.568,148.586
3880,2023-05-09 00:59:11,148.569,148.587
3881,2023-05-09 00:59:12,148.571,148.589
3884,2023-05-09 00:59:13,148.5695,148.58749999999998
3886,2023-05-09 00:59:16,148.571,148.589
3889,2023-05-09 00:59:17,148.569,148.587
3892,2023-05-09 00:59:19,148.57,148.588
3893,2023-05-09 00:59:20,148.569,148.587
3894,2023-05-09 00:59:21,148.57,148.588
3895,2023-05-09 00:59:23,148.571,148.589
3898,2023-05-09 00:59:25,148.572,148.59
3899,2023-05-09 00:59:26,148.5765,148.59449999999998
3901,2023-05-09 00:59:27,148.579,148.597
3905,2023-05-09 00:59:29,148.58,148.598
3906,2023-05-09 00:59:32,148.58,148.598
3909,2023-05-09 00:59:33,148.582,148.6
3910,2023-05-09 00:59:34,148.586,148.604
3913,2023-05-09 00:59:35,148.58749999999998,148.6055
3917,2023-05-09 00:59:36,148.588,148.606
