,time,bid,ask
0,2023-05-09 00:00:00,1.09961,1.0997
2,2023-05-09 00:00:01,1.0996,1.09969
5,2023-05-09 00:00:05,1.09961,1.0997
6,2023-05-09 00:00:06,1.09962,1.09971
9,2023-05-09 00:00:08,1.09965,1.09974
10,2023-05-09 00:00:09,1.09967,1.09976
11,2023-05-09 00:00:10,1.09966,1.09975
15,2023-05-09 00:00:11,1.0996350000000001,1.0997249999999998
17,2023-05-09 00:00:13,1.0996,1.09969
18,2023-05-09 00:00:15,1.09965,1.09974
19,2023-05-09 00:00:16,1.09966,1.09975
20,2023-05-09 00:00:25,1.099685,1.099775
24,2023-05-09 00:00:26,1.0997,1.09979
25,2023-05-09 00:00:27,1.09969,1.09978
26,2023-05-09 00:00:31,1.09971,1.0998
28,2023-05-09 00:00:32,1.099715,1.099805
30,2023-05-09 00:00:36,1.09971,1.0998
31,2023-05-09 00:00:37,1.09972,1.09981
32,2023-05-09 00:00:38,1.09971,1.0998
33,2023-05-09 00:00:42,1.09966,1.09975
38,2023-05-09 00:00:43,1.0996,1.09969
39,2023-05-09 00:00:45,1.09961,1.0997
40,2023-05-09 00:00:47,1.0996,1.09969
41,2023-05-09 00:00:50,1.09961,1.0997
42,2023-05-09 00:00:51,1.0996,1.09969
43,2023-05-09 00:00:54,1.09961,1.0997
44,2023-05-09 00:00:55,1.0996,1.09969
45,2023-05-09 00:00:56,1.09961,1.0997
46,2023-05-09 00:00:59,1.0996,1.09969
47,2023-05-09 00:01:00,1.099605,1.099695
49,2023-05-09 00:01:02,1.0996,1.09969
50,2023-05-09 00:01:03,1.09958,1.09967
51,2023-05-09 00:01:05,1.0996,1.09969
52,2023-05-09 00:01:08,1.09961,1.0997
53,2023-05-09 00:01:09,1.0996,1.09969
54,2023-05-09 00:01:10,1.09962,1.09971
57,2023-05-09 00:01:11,1.09961,1.0997
58,2023-05-09 00:01:12,1.0996,1.09969
59,2023-05-09 00:01:13,1.099615,1.099705
61,2023-05-09 00:01:17,1.0996299999999999,1.09972
62,2023-05-09 00:01:19,1.09962,1.09971
63,2023-05-09 00:01:20,1.09961,1.0997
64,2023-05-09 00:01:27,1.09962,1.09971
65,2023-05-09 00:01:29,1.09961,1.0997
66,2023-05-09 00:01:40,1.0996,1.09969
67,2023-05-09 00:01:43,1.099605,1.099695
69,2023-05-09 00:01:44,1.09959,1.09968
70,2023-05-09 00:01:45,1.09956,1.09965
71,2023-05-09 00:01:47,1.0995249999999999,1.099615
73,2023-05-09 00:01:48,1.09944,1.09953
76,2023-05-09 00:01:49,1.09945,1.09954
79,2023-05-09 00:01:50,1.09948,1.09957
82,2023-05-09 00:01:51,1.09949,1.09958
87,2023-05-09 00:01:52,1.09946,1.09955
88,2023-05-09 00:01:53,1.09942,1.09951
92,2023-05-09 00:01:54,1.09944,1.0995300000000001
94,2023-05-09 00:02:00,1.0994,1.09949
97,2023-05-09 00:02:02,1.0994,1.09949
98,2023-05-09 00:02:07,1.099405,1.0994950000000001
100,2023-05-09 00:02:09,1.099405,1.0994950000000001
102,2023-05-09 00:02:11,1.099425,1.099515
106,2023-05-09 00:02:14,1.09943,1.09952
107,2023-05-09 00:02:15,1.0994,1.09949
108,2023-05-09 00:02:16,1.09939,1.09948
109,2023-05-09 00:02:18,1.0994,1.09949
110,2023-05-09 00:02:29,1.09943,1.09952
111,2023-05-09 00:02:32,1.09944,1.09953
112,2023-05-09 00:02:39,1.09939,1.09948
113,2023-05-09 00:02:40,1.099385,1.099475
115,2023-05-09 00:02:42,1.09938,1.09947
116,2023-05-09 00:02:44,1.099355,1.099445
118,2023-05-09 00:02:52,1.09934,1.09943
119,2023-05-09 00:02:53,1.0993,1.09939
122,2023-05-09 00:02:54,1.0992,1.09929
127,2023-05-09 00:02:55,1.09924,1.09933
128,2023-05-09 00:02:58,1.09925,1.09934
129,2023-05-09 00:03:00,1.09925,1.09934
130,2023-05-09 00:03:01,1.09922,1.09931
131,2023-05-09 00:03:05,1.09923,1.09932
132,2023-05-09 00:03:06,1.09924,1.09933
133,2023-05-09 00:03:08,1.09927,1.09936
134,2023-05-09 00:03:09,1.09928,1.09937
135,2023-05-09 00:03:12,1.09925,1.09934
136,2023-05-09 00:03:15,1.09926,1.09935
137,2023-05-09 00:03:16,1.09925,1.09934
138,2023-05-09 00:03:17,1.09928,1.09937
139,2023-05-09 00:03:21,1.0992549999999999,1.099345
141,2023-05-09 00:03:22,1.099235,1.0993249999999999
143,2023-05-09 00:03:23,1.0992,1.09929
144,2023-05-09 00:03:25,1.099185,1.099275
146,2023-05-09 00:03:27,1.099195,1.099285
148,2023-05-09 00:03:30,1.09916,1.09925
151,2023-05-09 00:03:31,1.09915,1.09924
152,2023-05-09 00:03:32,1.09914,1.09923
153,2023-05-09 00:03:35,1.09917,1.09926
156,2023-05-09 00:03:42,1.09913,1.09922
157,2023-05-09 00:03:43,1.09914,1.09923
158,2023-05-09 00:03:45,1.09913,1.09922
159,2023-05-09 00:03:46,1.09912,1.09921
160,2023-05-09 00:03:50,1.099065,1.099155
164,2023-05-09 00:03:51,1.09908,1.09917
165,2023-05-09 00:03:52,1.09909,1.09918
167,2023-05-09 00:03:53,1.099055,1.099145
169,2023-05-09 00:03:55,1.099065,1.099155
173,2023-05-09 00:03:56,1.09908,1.09917
174,2023-05-09 00:03:58,1.09905,1.09914
175,2023-05-09 00:03:59,1.09904,1.09913
176,2023-05-09 00:04:00,1.09904,1.09913
177,2023-05-09 00:04:04,1.0990600000000001,1.0991499999999998
181,2023-05-09 00:04:06,1.09905,1.09914
182,2023-05-09 00:04:08,1.09904,1.09913
183,2023-05-09 00:04:12,1.09903,1.09912
184,2023-05-09 00:04:15,1.099,1.09909
186,2023-05-09 00:04:31,1.0990199999999999,1.09911
187,2023-05-09 00:04:35,1.09903,1.09912
188,2023-05-09 00:04:40,1.09901,1.0991
189,2023-05-09 00:04:43,1.0990199999999999,1.09911
190,2023-05-09 00:04:53,1.099045,1.099135
192,2023-05-09 00:04:54,1.09909,1.09918
193,2023-05-09 00:04:56,1.0991,1.0991900000000001
194,2023-05-09 00:05:00,1.0991,1.0991900000000001
195,2023-05-09 00:05:06,1.099095,1.099185
197,2023-05-09 00:05:12,1.09912,1.09921
198,2023-05-09 00:05:14,1.09911,1.0992
199,2023-05-09 00:05:15,1.0991,1.0991900000000001
200,2023-05-09 00:05:18,1.09909,1.09918
202,2023-05-09 00:05:19,1.09911,1.0992
203,2023-05-09 00:05:21,1.099135,1.0992250000000001
205,2023-05-09 00:05:23,1.09912,1.09921
206,2023-05-09 00:05:24,1.09913,1.09922
207,2023-05-09 00:05:26,1.09914,1.09923
208,2023-05-09 00:05:27,1.09913,1.09922
209,2023-05-09 00:05:29,1.0991,1.0991900000000001
210,2023-05-09 00:05:30,1.09911,1.0992
211,2023-05-09 00:05:34,1.0991,1.0991900000000001
212,2023-05-09 00:05:36,1.09911,1.0992
213,2023-05-09 00:05:39,1.09912,1.09921
214,2023-05-09 00:05:42,1.09911,1.0992
215,2023-05-09 00:05:43,1.0991,1.0991900000000001
216,2023-05-09 00:05:51,1.09905,1.09914
217,2023-05-09 00:05:53,1.09904,1.09913
218,2023-05-09 00:06:01,1.09904,1.09913
219,2023-05-09 00:06:09,1.09903,1.09912
220,2023-05-09 00:06:11,1.099015,1.099105
222,2023-05-09 00:06:12,1.0990199999999999,1.09911
223,2023-05-09 00:06:17,1.09903,1.09912
224,2023-05-09 00:06:21,1.09899,1.09908
225,2023-05-09 00:06:22,1.09898,1.09907
226,2023-05-09 00:06:28,1.09899,1.09908
227,2023-05-09 00:06:29,1.099005,1.099095
229,2023-05-09 00:06:30,1.09898,1.09907
232,2023-05-09 00:06:32,1.09896,1.09905
233,2023-05-09 00:06:33,1.098975,1.099065
235,2023-05-09 00:06:39,1.09899,1.09908
236,2023-05-09 00:06:40,1.0989849999999999,1.099075
240,2023-05-09 00:06:41,1.09897,1.09906
244,2023-05-09 00:06:46,1.09894,1.09903
245,2023-05-09 00:06:51,1.098965,1.099055
249,2023-05-09 00:06:52,1.0989550000000001,1.099045
251,2023-05-09 00:06:56,1.09898,1.09907
252,2023-05-09 00:06:57,1.09896,1.09905
253,2023-05-09 00:07:00,1.09896,1.09905
254,2023-05-09 00:07:01,1.09894,1.09903
255,2023-05-09 00:07:04,1.09896,1.09905
256,2023-05-09 00:07:06,1.09894,1.09903
257,2023-05-09 00:07:09,1.09895,1.09904
258,2023-05-09 00:07:12,1.0989149999999999,1.099005
260,2023-05-09 00:07:16,1.098925,1.099015
262,2023-05-09 00:07:18,1.0989,1.09899
263,2023-05-09 00:07:23,1.09892,1.09901
264,2023-05-09 00:07:29,1.098905,1.098995
266,2023-05-09 00:07:32,1.09893,1.0990199999999999
267,2023-05-09 00:07:33,1.0989,1.09899
268,2023-05-09 00:07:36,1.09891,1.099
269,2023-05-09 00:07:40,1.098925,1.099015
273,2023-05-09 00:07:41,1.098905,1.098995
275,2023-05-09 00:07:42,1.098895,1.0989849999999999
277,2023-05-09 00:07:44,1.09891,1.099
278,2023-05-09 00:07:47,1.09896,1.09905
279,2023-05-09 00:07:48,1.09895,1.09904
280,2023-05-09 00:07:53,1.09897,1.09906
281,2023-05-09 00:07:55,1.09898,1.09907
282,2023-05-09 00:07:57,1.09897,1.09906
283,2023-05-09 00:08:01,1.09898,1.09907
286,2023-05-09 00:08:02,1.09898,1.09907
287,2023-05-09 00:08:03,1.098935,1.0990250000000001
289,2023-05-09 00:08:05,1.09893,1.0990199999999999
290,2023-05-09 00:08:06,1.09892,1.09901
291,2023-05-09 00:08:12,1.09891,1.099
292,2023-05-09 00:08:13,1.0988850000000001,1.098975
294,2023-05-09 00:08:15,1.098895,1.0989849999999999
296,2023-05-09 00:08:18,1.09888,1.09897
297,2023-05-09 00:08:22,1.09891,1.099
298,2023-05-09 00:08:33,1.09892,1.09901
299,2023-05-09 00:08:34,1.098945,1.099035
301,2023-05-09 00:08:41,1.09896,1.09905
302,2023-05-09 00:08:43,1.09895,1.09904
305,2023-05-09 00:08:44,1.09895,1.09904
306,2023-05-09 00:08:54,1.0989,1.0989900000000001
308,2023-05-09 00:08:59,1.098865,1.0989550000000001
310,2023-05-09 00:09:00,1.098855,1.098945
312,2023-05-09 00:09:02,1.09881,1.0989
313,2023-05-09 00:09:04,1.09878,1.09887
314,2023-05-09 00:09:05,1.09879,1.09888
315,2023-05-09 00:09:09,1.09877,1.09886
316,2023-05-09 00:09:10,1.09875,1.09884
317,2023-05-09 00:09:11,1.09876,1.09885
318,2023-05-09 00:09:14,1.098765,1.098855
320,2023-05-09 00:09:16,1.09877,1.09886
321,2023-05-09 00:09:18,1.09876,1.09885
322,2023-05-09 00:09:21,1.0987149999999999,1.098805
324,2023-05-09 00:09:22,1.098735,1.098825
326,2023-05-09 00:09:24,1.09873,1.09882
327,2023-05-09 00:09:25,1.098745,1.098835
329,2023-05-09 00:09:26,1.09876,1.09885
332,2023-05-09 00:09:33,1.09877,1.0988600000000002
334,2023-05-09 00:09:34,1.098745,1.098835
336,2023-05-09 00:09:38,1.09873,1.09882
337,2023-05-09 00:09:40,1.09871,1.0988
339,2023-05-09 00:09:42,1.09872,1.09881
342,2023-05-09 00:09:43,1.098705,1.098795
344,2023-05-09 00:09:44,1.098735,1.098825
346,2023-05-09 00:09:46,1.098725,1.098815
348,2023-05-09 00:09:52,1.09872,1.09881
349,2023-05-09 00:09:54,1.0987200000000001,1.0988099999999998
351,2023-05-09 00:09:55,1.09869,1.09878
354,2023-05-09 00:09:57,1.09868,1.09877
355,2023-05-09 00:09:58,1.09866,1.09875
358,2023-05-09 00:09:59,1.09873,1.09882
360,2023-05-09 00:10:00,1.098745,1.098835
362,2023-05-09 00:10:02,1.09873,1.09882
363,2023-05-09 00:10:04,1.09874,1.09883
364,2023-05-09 00:10:12,1.098755,1.098845
366,2023-05-09 00:10:13,1.09877,1.0988600000000002
368,2023-05-09 00:10:14,1.09879,1.09888
369,2023-05-09 00:10:15,1.09876,1.09885
371,2023-05-09 00:10:22,1.09874,1.09883
372,2023-05-09 00:10:26,1.0987,1.09879
375,2023-05-09 00:10:27,1.0987,1.09879
376,2023-05-09 00:10:28,1.09869,1.09878
377,2023-05-09 00:10:29,1.0987,1.09879
378,2023-05-09 00:10:32,1.098725,1.098815
382,2023-05-09 00:10:35,1.09871,1.0988
383,2023-05-09 00:10:36,1.0987,1.09879
384,2023-05-09 00:10:40,1.098725,1.098815
386,2023-05-09 00:10:41,1.09875,1.09884
389,2023-05-09 00:10:44,1.09874,1.09883
390,2023-05-09 00:10:46,1.09875,1.09884
391,2023-05-09 00:10:47,1.098765,1.098855
393,2023-05-09 00:10:48,1.0988,1.09889
394,2023-05-09 00:10:49,1.098765,1.098855
396,2023-05-09 00:10:52,1.09877,1.09886
397,2023-05-09 00:10:55,1.0988,1.09889
398,2023-05-09 00:10:58,1.09879,1.09888
401,2023-05-09 00:10:59,1.0988,1.09889
402,2023-05-09 00:11:00,1.09879,1.09888
405,2023-05-09 00:11:01,1.098805,1.098895
407,2023-05-09 00:11:03,1.098855,1.098945
409,2023-05-09 00:11:04,1.09882,1.09891
410,2023-05-09 00:11:05,1.0988600000000002,1.0989499999999999
412,2023-05-09 00:11:06,1.09885,1.09894
413,2023-05-09 00:11:10,1.09886,1.09895
414,2023-05-09 00:11:11,1.09888,1.09897
415,2023-05-09 00:11:14,1.09889,1.09898
416,2023-05-09 00:11:16,1.09888,1.09897
419,2023-05-09 00:11:18,1.09885,1.09894
420,2023-05-09 00:11:21,1.09886,1.09895
421,2023-05-09 00:11:22,1.09889,1.09898
424,2023-05-09 00:11:26,1.098845,1.098935
426,2023-05-09 00:11:27,1.09886,1.09895
427,2023-05-09 00:11:28,1.098845,1.098935
429,2023-05-09 00:11:30,1.09886,1.09895
430,2023-05-09 00:11:31,1.09884,1.09893
431,2023-05-09 00:11:35,1.09886,1.09895
432,2023-05-09 00:11:37,1.09881,1.0989
433,2023-05-09 00:11:39,1.09887,1.09896
434,2023-05-09 00:11:40,1.09883,1.0989200000000001
436,2023-05-09 00:11:44,1.09878,1.09887
438,2023-05-09 00:11:46,1.098795,1.0988850000000001
440,2023-05-09 00:11:51,1.098795,1.0988850000000001
442,2023-05-09 00:11:52,1.09881,1.0989
445,2023-05-09 00:11:53,1.09881,1.0989
446,2023-05-09 00:11:55,1.098805,1.098895
448,2023-05-09 00:11:59,1.09885,1.0989399999999998
450,2023-05-09 00:12:00,1.09882,1.09891
451,2023-05-09 00:12:07,1.098795,1.0988850000000001
455,2023-05-09 00:12:08,1.09881,1.0989
456,2023-05-09 00:12:11,1.0988,1.09889
457,2023-05-09 00:12:17,1.09878,1.09887
458,2023-05-09 00:12:19,1.09879,1.09888
459,2023-05-09 00:12:20,1.09883,1.09892
462,2023-05-09 00:12:27,1.09881,1.0989
463,2023-05-09 00:12:32,1.098825,1.0989149999999999
465,2023-05-09 00:12:35,1.09881,1.0989
466,2023-05-09 00:12:36,1.0988,1.09889
467,2023-05-09 00:12:37,1.09879,1.09888
468,2023-05-09 00:12:39,1.09878,1.09887
469,2023-05-09 00:12:40,1.098795,1.0988850000000001
471,2023-05-09 00:12:43,1.098795,1.0988850000000001
473,2023-05-09 00:12:44,1.09879,1.09888
474,2023-05-09 00:12:47,1.0988,1.09889
475,2023-05-09 00:12:48,1.098755,1.098845
477,2023-05-09 00:12:53,1.09875,1.09884
478,2023-05-09 00:12:55,1.0987149999999999,1.098805
480,2023-05-09 00:12:58,1.09867,1.09876
482,2023-05-09 00:13:00,1.09867,1.09876
484,2023-05-09 00:13:02,1.09869,1.09878
485,2023-05-09 00:13:04,1.098695,1.098785
487,2023-05-09 00:13:05,1.098675,1.098765
489,2023-05-09 00:13:06,1.09867,1.09876
491,2023-05-09 00:13:08,1.0986449999999999,1.098735
493,2023-05-09 00:13:10,1.098635,1.098725
495,2023-05-09 00:13:11,1.09864,1.09873
496,2023-05-09 00:13:13,1.09864,1.09873
498,2023-05-09 00:13:16,1.09865,1.09874
501,2023-05-09 00:13:18,1.0986500000000001,1.0987399999999998
503,2023-05-09 00:13:23,1.09872,1.09881
504,2023-05-09 00:13:24,1.098655,1.098745
506,2023-05-09 00:13:27,1.09866,1.09875
507,2023-05-09 00:13:28,1.0986449999999999,1.098735
509,2023-05-09 00:13:29,1.09866,1.09875
511,2023-05-09 00:13:31,1.098675,1.098765
513,2023-05-09 00:13:33,1.09864,1.09873
514,2023-05-09 00:13:34,1.09863,1.09872
515,2023-05-09 00:13:38,1.09864,1.09873
516,2023-05-09 00:13:39,1.09863,1.09872
517,2023-05-09 00:13:41,1.09864,1.09873
518,2023-05-09 00:13:42,1.09862,1.09871
519,2023-05-09 00:13:44,1.09857,1.09866
523,2023-05-09 00:13:45,1.09859,1.09868
526,2023-05-09 00:13:47,1.098595,1.0986850000000001
528,2023-05-09 00:13:48,1.098595,1.0986850000000001
534,2023-05-09 00:13:49,1.098585,1.098675
536,2023-05-09 00:13:50,1.0985800000000001,1.09867
537,2023-05-09 00:13:51,1.09859,1.09868
538,2023-05-09 00:13:52,1.09861,1.0987
539,2023-05-09 00:13:53,1.098585,1.098675
541,2023-05-09 00:13:54,1.0985800000000001,1.09867
542,2023-05-09 00:13:58,1.09859,1.09868
543,2023-05-09 00:14:00,1.098585,1.098675
545,2023-05-09 00:14:01,1.098575,1.098665
547,2023-05-09 00:14:02,1.0985800000000001,1.09867
550,2023-05-09 00:14:05,1.098575,1.098665
552,2023-05-09 00:14:07,1.09859,1.09868
553,2023-05-09 00:14:08,1.09857,1.09866
556,2023-05-09 00:14:09,1.098575,1.098665
560,2023-05-09 00:14:10,1.098625,1.0987149999999999
562,2023-05-09 00:14:11,1.09867,1.09876
563,2023-05-09 00:14:13,1.098675,1.098765
565,2023-05-09 00:14:15,1.09866,1.09875
566,2023-05-09 00:14:19,1.098655,1.098745
568,2023-05-09 00:14:23,1.098665,1.098755
570,2023-05-09 00:14:24,1.0986449999999999,1.098735
572,2023-05-09 00:14:25,1.09866,1.09875
573,2023-05-09 00:14:27,1.09865,1.09874
574,2023-05-09 00:14:29,1.098665,1.098755
578,2023-05-09 00:14:32,1.098655,1.098745
580,2023-05-09 00:14:34,1.0986349999999998,1.098725
582,2023-05-09 00:14:35,1.09866,1.09875
585,2023-05-09 00:14:37,1.09865,1.09874
586,2023-05-09 00:14:38,1.09864,1.09873
587,2023-05-09 00:14:39,1.098625,1.0987149999999999
589,2023-05-09 00:14:41,1.09859,1.09868
590,2023-05-09 00:14:42,1.0985800000000001,1.09867
591,2023-05-09 00:14:45,1.09857,1.09866
592,2023-05-09 00:14:46,1.0985800000000001,1.09867
595,2023-05-09 00:14:47,1.098575,1.098665
597,2023-05-09 00:14:48,1.09857,1.09866
599,2023-05-09 00:14:49,1.09857,1.09866
600,2023-05-09 00:14:50,1.0985800000000001,1.09867
603,2023-05-09 00:14:54,1.098595,1.0986850000000001
605,2023-05-09 00:14:55,1.0985800000000001,1.09867
608,2023-05-09 00:14:56,1.09863,1.09872
609,2023-05-09 00:14:57,1.0986449999999999,1.098735
611,2023-05-09 00:15:00,1.09863,1.09872
616,2023-05-09 00:15:01,1.098655,1.098745
620,2023-05-09 00:15:02,1.0986850000000001,1.0987749999999998
622,2023-05-09 00:15:03,1.09871,1.0988
623,2023-05-09 00:15:04,1.09871,1.0988
627,2023-05-09 00:15:06,1.0987,1.09879
628,2023-05-09 00:15:08,1.09869,1.09878
630,2023-05-09 00:15:12,1.09868,1.09877
631,2023-05-09 00:15:13,1.09867,1.09876
632,2023-05-09 00:15:15,1.09866,1.09875
633,2023-05-09 00:15:16,1.09867,1.09876
634,2023-05-09 00:15:18,1.0987,1.09879
635,2023-05-09 00:15:20,1.0986500000000001,1.0987399999999998
637,2023-05-09 00:15:25,1.09863,1.09872
638,2023-05-09 00:15:28,1.0986600000000002,1.09875
640,2023-05-09 00:15:29,1.0986449999999999,1.098735
642,2023-05-09 00:15:30,1.09866,1.09875
643,2023-05-09 00:15:32,1.09867,1.09876
644,2023-05-09 00:15:34,1.098705,1.098795
648,2023-05-09 00:15:35,1.09868,1.09877
649,2023-05-09 00:15:40,1.0987,1.09879
650,2023-05-09 00:15:42,1.09869,1.09878
651,2023-05-09 00:15:43,1.09869,1.09878
653,2023-05-09 00:15:44,1.09867,1.09876
656,2023-05-09 00:15:45,1.098655,1.098745
658,2023-05-09 00:15:49,1.09868,1.09877
661,2023-05-09 00:15:50,1.098705,1.098795
663,2023-05-09 00:15:51,1.09869,1.09878
664,2023-05-09 00:15:55,1.0987,1.09879
667,2023-05-09 00:15:56,1.09868,1.09877
670,2023-05-09 00:15:57,1.098705,1.098795
672,2023-05-09 00:16:00,1.0987149999999999,1.098805
674,2023-05-09 00:16:01,1.09877,1.09886
677,2023-05-09 00:16:02,1.09876,1.09885
678,2023-05-09 00:16:03,1.098725,1.098815
682,2023-05-09 00:16:04,1.09872,1.09881
683,2023-05-09 00:16:05,1.098725,1.098815
685,2023-05-09 00:16:09,1.09871,1.0988
686,2023-05-09 00:16:10,1.09869,1.09878
687,2023-05-09 00:16:11,1.09871,1.0988
688,2023-05-09 00:16:16,1.0987149999999999,1.098805
690,2023-05-09 00:16:20,1.09873,1.09882
691,2023-05-09 00:16:21,1.09873,1.09882
694,2023-05-09 00:16:22,1.09871,1.0988
695,2023-05-09 00:16:26,1.098695,1.098785
697,2023-05-09 00:16:28,1.09869,1.09878
699,2023-05-09 00:16:29,1.09871,1.0988
700,2023-05-09 00:16:31,1.0987,1.09879
701,2023-05-09 00:16:34,1.09868,1.09877
704,2023-05-09 00:16:41,1.0986449999999999,1.098735
706,2023-05-09 00:16:42,1.0986449999999999,1.098735
708,2023-05-09 00:16:44,1.09866,1.09875
709,2023-05-09 00:16:46,1.09864,1.09873
710,2023-05-09 00:16:49,1.09865,1.09874
711,2023-05-09 00:16:50,1.09864,1.09873
712,2023-05-09 00:16:52,1.09863,1.09872
713,2023-05-09 00:16:56,1.09865,1.09874
714,2023-05-09 00:16:57,1.09867,1.09876
715,2023-05-09 00:16:58,1.0986449999999999,1.098735
717,2023-05-09 00:17:00,1.09863,1.09872
718,2023-05-09 00:17:02,1.09865,1.09874
719,2023-05-09 00:17:04,1.09864,1.09873
720,2023-05-09 00:17:06,1.09863,1.09872
721,2023-05-09 00:17:08,1.09864,1.09873
722,2023-05-09 00:17:09,1.09865,1.09874
723,2023-05-09 00:17:12,1.098625,1.0987149999999999
725,2023-05-09 00:17:13,1.09863,1.09872
726,2023-05-09 00:17:17,1.09862,1.09871
727,2023-05-09 00:17:19,1.09863,1.09872
728,2023-05-09 00:17:21,1.09865,1.09874
729,2023-05-09 00:17:22,1.09864,1.09873
730,2023-05-09 00:17:23,1.098635,1.098725
732,2023-05-09 00:17:25,1.09863,1.09872
733,2023-05-09 00:17:26,1.098635,1.098725
737,2023-05-09 00:17:27,1.09863,1.0987200000000001
739,2023-05-09 00:17:28,1.09863,1.09872
740,2023-05-09 00:17:33,1.09864,1.09873
741,2023-05-09 00:17:34,1.09865,1.09874
742,2023-05-09 00:17:37,1.09863,1.09872
743,2023-05-09 00:17:38,1.09864,1.09873
744,2023-05-09 00:17:40,1.09863,1.09872
745,2023-05-09 00:17:41,1.09864,1.09873
748,2023-05-09 00:17:42,1.09863,1.09872
749,2023-05-09 00:17:43,1.098585,1.098675
751,2023-05-09 00:17:44,1.09862,1.09871
752,2023-05-09 00:17:45,1.09861,1.0987
753,2023-05-09 00:17:46,1.09862,1.09871
754,2023-05-09 00:17:47,1.09864,1.09873
756,2023-05-09 00:17:49,1.09866,1.09875
757,2023-05-09 00:17:52,1.09863,1.09872
758,2023-05-09 00:17:53,1.09861,1.0987
761,2023-05-09 00:17:56,1.0985800000000001,1.09867
762,2023-05-09 00:18:00,1.0985800000000001,1.09867
763,2023-05-09 00:18:02,1.09859,1.09868
766,2023-05-09 00:18:03,1.098605,1.098695
768,2023-05-09 00:18:04,1.0986,1.09869
773,2023-05-09 00:18:08,1.098595,1.0986850000000001
775,2023-05-09 00:18:10,1.0986150000000001,1.098705
777,2023-05-09 00:18:15,1.09867,1.09876
778,2023-05-09 00:18:21,1.09868,1.09877
779,2023-05-09 00:18:28,1.0987,1.0987900000000002
781,2023-05-09 00:18:30,1.09869,1.09878
782,2023-05-09 00:18:31,1.0987,1.09879
783,2023-05-09 00:18:38,1.09867,1.09876
785,2023-05-09 00:18:47,1.098655,1.098745
787,2023-05-09 00:18:48,1.09866,1.09875
790,2023-05-09 00:18:51,1.098675,1.098765
792,2023-05-09 00:18:57,1.09867,1.09876
793,2023-05-09 00:18:58,1.09866,1.09875
794,2023-05-09 00:18:59,1.09867,1.09876
795,2023-05-09 00:19:00,1.09867,1.09876
796,2023-05-09 00:19:01,1.09866,1.09875
797,2023-05-09 00:19:02,1.09868,1.09877
798,2023-05-09 00:19:03,1.09869,1.09878
799,2023-05-09 00:19:05,1.09868,1.09877
800,2023-05-09 00:19:06,1.09867,1.09876
801,2023-05-09 00:19:08,1.09867,1.09876
804,2023-05-09 00:19:09,1.09867,1.09876
805,2023-05-09 00:19:16,1.09868,1.09877
806,2023-05-09 00:19:18,1.098725,1.098815
808,2023-05-09 00:19:19,1.09871,1.0988
809,2023-05-09 00:19:23,1.09873,1.09882
810,2023-05-09 00:19:30,1.09874,1.09883
813,2023-05-09 00:19:31,1.09871,1.0988
814,2023-05-09 00:19:34,1.0987,1.09879
815,2023-05-09 00:19:39,1.09871,1.0988
816,2023-05-09 00:19:40,1.09869,1.09878
819,2023-05-09 00:19:41,1.09869,1.09878
820,2023-05-09 00:19:42,1.0986850000000001,1.098775
822,2023-05-09 00:19:43,1.0986850000000001,1.098775
824,2023-05-09 00:19:44,1.098695,1.098785
828,2023-05-09 00:19:49,1.0987749999999998,1.098865
830,2023-05-09 00:19:58,1.0988,1.09889
833,2023-05-09 00:20:00,1.09883,1.09892
834,2023-05-09 00:20:01,1.09882,1.09891
835,2023-05-09 00:20:04,1.09887,1.09896
838,2023-05-09 00:20:08,1.0989049999999998,1.098995
840,2023-05-09 00:20:14,1.09888,1.09897
841,2023-05-09 00:20:15,1.098875,1.0989650000000002
843,2023-05-09 00:20:19,1.09887,1.09896
844,2023-05-09 00:20:21,1.09886,1.09895
845,2023-05-09 00:20:25,1.098825,1.0989149999999999
847,2023-05-09 00:20:28,1.09885,1.09894
848,2023-05-09 00:20:29,1.09886,1.09895
851,2023-05-09 00:20:33,1.098875,1.098965
853,2023-05-09 00:20:42,1.09886,1.09895
854,2023-05-09 00:20:43,1.09887,1.09896
855,2023-05-09 00:20:45,1.098855,1.098945
857,2023-05-09 00:20:46,1.09884,1.09893
858,2023-05-09 00:20:47,1.09885,1.09894
859,2023-05-09 00:20:48,1.09884,1.09893
862,2023-05-09 00:20:54,1.09887,1.09896
863,2023-05-09 00:20:55,1.09885,1.09894
865,2023-05-09 00:20:58,1.09886,1.09895
868,2023-05-09 00:21:00,1.09889,1.09898
869,2023-05-09 00:21:06,1.0989,1.09899
870,2023-05-09 00:21:07,1.09894,1.09903
871,2023-05-09 00:21:15,1.09891,1.099
872,2023-05-09 00:21:16,1.09887,1.09896
875,2023-05-09 00:21:18,1.09888,1.09897
876,2023-05-09 00:21:22,1.0989149999999999,1.099005
878,2023-05-09 00:21:23,1.09892,1.09901
879,2023-05-09 00:21:25,1.09891,1.099
880,2023-05-09 00:21:36,1.09889,1.09898
882,2023-05-09 00:21:46,1.09887,1.09896
885,2023-05-09 00:21:48,1.09888,1.09897
886,2023-05-09 00:21:49,1.09887,1.09896
887,2023-05-09 00:21:56,1.098865,1.0989550000000001
889,2023-05-09 00:22:00,1.09887,1.09896
890,2023-05-09 00:22:02,1.09886,1.09895
893,2023-05-09 00:22:03,1.09886,1.09895
896,2023-05-09 00:22:06,1.09885,1.09894
897,2023-05-09 00:22:07,1.09885,1.0989399999999998
899,2023-05-09 00:22:10,1.098875,1.098965
901,2023-05-09 00:22:16,1.09886,1.09895
902,2023-05-09 00:22:20,1.09887,1.09896
905,2023-05-09 00:22:21,1.09884,1.09893
906,2023-05-09 00:22:25,1.09883,1.09892
907,2023-05-09 00:22:27,1.09886,1.09895
908,2023-05-09 00:22:30,1.09883,1.09892
909,2023-05-09 00:22:36,1.098825,1.0989149999999999
911,2023-05-09 00:22:37,1.0988,1.09889
913,2023-05-09 00:22:38,1.0988,1.09889
914,2023-05-09 00:22:39,1.09879,1.09888
915,2023-05-09 00:22:40,1.09878,1.09887
916,2023-05-09 00:22:41,1.0988,1.09889
917,2023-05-09 00:22:46,1.09874,1.09883
918,2023-05-09 00:22:47,1.09868,1.09877
921,2023-05-09 00:22:49,1.0987,1.09879
922,2023-05-09 00:22:50,1.09871,1.0988
923,2023-05-09 00:22:51,1.09869,1.09878
924,2023-05-09 00:22:53,1.0987,1.09879
925,2023-05-09 00:22:56,1.09868,1.09877
926,2023-05-09 00:22:57,1.09866,1.09875
929,2023-05-09 00:23:00,1.09866,1.09875
930,2023-05-09 00:23:07,1.098635,1.098725
932,2023-05-09 00:23:08,1.09864,1.09873
933,2023-05-09 00:23:11,1.0986500000000001,1.0987399999999998
935,2023-05-09 00:23:13,1.098665,1.098755
939,2023-05-09 00:23:18,1.09864,1.09873
940,2023-05-09 00:23:21,1.098635,1.098725
942,2023-05-09 00:23:22,1.098625,1.0987149999999999
944,2023-05-09 00:23:24,1.09863,1.09872
945,2023-05-09 00:23:26,1.09862,1.09871
946,2023-05-09 00:23:27,1.09862,1.09871
949,2023-05-09 00:23:29,1.0986150000000001,1.098705
951,2023-05-09 00:23:30,1.09859,1.09868
954,2023-05-09 00:23:36,1.09859,1.09868
955,2023-05-09 00:23:37,1.098635,1.098725
957,2023-05-09 00:23:41,1.09866,1.09875
958,2023-05-09 00:23:47,1.09866,1.09875
961,2023-05-09 00:23:50,1.098655,1.098745
963,2023-05-09 00:23:52,1.09867,1.09876
964,2023-05-09 00:23:55,1.098675,1.098765
966,2023-05-09 00:23:56,1.09865,1.09874
967,2023-05-09 00:23:57,1.0986449999999999,1.098735
971,2023-05-09 00:24:00,1.0986449999999999,1.098735
973,2023-05-09 00:24:02,1.0986449999999999,1.098735
975,2023-05-09 00:24:03,1.0986449999999999,1.098735
977,2023-05-09 00:24:08,1.09862,1.09871
978,2023-05-09 00:24:17,1.09863,1.09872
979,2023-05-09 00:24:18,1.09862,1.09871
980,2023-05-09 00:24:22,1.098635,1.098725
982,2023-05-09 00:24:23,1.098595,1.0986850000000001
984,2023-05-09 00:24:24,1.09859,1.09868
985,2023-05-09 00:24:28,1.0985800000000001,1.09867
988,2023-05-09 00:24:31,1.0986,1.09869
991,2023-05-09 00:24:33,1.0985800000000001,1.09867
992,2023-05-09 00:24:35,1.09859,1.09868
993,2023-05-09 00:24:37,1.0985800000000001,1.09867
994,2023-05-09 00:24:38,1.098575,1.098665
996,2023-05-09 00:24:39,1.09859,1.09868
997,2023-05-09 00:24:40,1.0985800000000001,1.09867
998,2023-05-09 00:24:42,1.0986,1.09869
999,2023-05-09 00:24:44,1.09859,1.09868
1002,2023-05-09 00:24:45,1.0986,1.09869
1007,2023-05-09 00:24:46,1.09859,1.09868
1008,2023-05-09 00:24:47,1.098595,1.0986850000000001
1010,2023-05-09 00:24:48,1.098605,1.098695
1014,2023-05-09 00:24:49,1.09861,1.0987
1015,2023-05-09 00:24:51,1.09862,1.09871
1016,2023-05-09 00:24:52,1.0986,1.09869
1018,2023-05-09 00:24:58,1.0985800000000001,1.09867
1019,2023-05-09 00:24:59,1.09859,1.09868
1022,2023-05-09 00:25:00,1.09859,1.09868
1023,2023-05-09 00:25:06,1.0985800000000001,1.09867
1024,2023-05-09 00:25:07,1.09859,1.09868
1025,2023-05-09 00:25:08,1.09857,1.09866
1026,2023-05-09 00:25:09,1.0985800000000001,1.09867
1027,2023-05-09 00:25:10,1.098575,1.098665
1029,2023-05-09 00:25:11,1.09857,1.09866
1032,2023-05-09 00:25:13,1.0985800000000001,1.09867
1033,2023-05-09 00:25:15,1.098575,1.098665
1035,2023-05-09 00:25:16,1.09857,1.09866
1036,2023-05-09 00:25:17,1.098575,1.098665
1040,2023-05-09 00:25:18,1.098575,1.098665
1042,2023-05-09 00:25:19,1.098585,1.098675
1044,2023-05-09 00:25:20,1.098585,1.098675
1046,2023-05-09 00:25:21,1.09859,1.09868
1047,2023-05-09 00:25:29,1.0985800000000001,1.09867
1051,2023-05-09 00:25:30,1.0985800000000001,1.09867
1052,2023-05-09 00:25:32,1.098585,1.098675
1054,2023-05-09 00:25:33,1.098585,1.098675
1056,2023-05-09 00:25:39,1.0985800000000001,1.09867
1059,2023-05-09 00:25:40,1.098585,1.098675
1061,2023-05-09 00:25:41,1.0985800000000001,1.09867
1062,2023-05-09 00:25:44,1.09859,1.09868
1063,2023-05-09 00:25:48,1.0986150000000001,1.0987049999999998
1067,2023-05-09 00:25:49,1.09861,1.0987
1070,2023-05-09 00:25:50,1.098605,1.098695
1072,2023-05-09 00:25:51,1.0986,1.09869
1075,2023-05-09 00:25:53,1.098675,1.098765
1077,2023-05-09 00:26:00,1.09869,1.09878
1078,2023-05-09 00:26:04,1.09868,1.09877
1079,2023-05-09 00:26:08,1.09869,1.09878
1080,2023-05-09 00:26:09,1.09871,1.0988
1083,2023-05-09 00:26:10,1.0986500000000001,1.0987399999999998
1085,2023-05-09 00:26:14,1.09862,1.09871
1087,2023-05-09 00:26:15,1.09864,1.09873
1088,2023-05-09 00:26:20,1.0986,1.09869
1091,2023-05-09 00:26:21,1.09859,1.09868
1092,2023-05-09 00:26:22,1.098595,1.0986850000000001
1094,2023-05-09 00:26:24,1.098595,1.0986850000000001
1096,2023-05-09 00:26:25,1.09859,1.09868
1099,2023-05-09 00:26:26,1.0986099999999999,1.0987
1101,2023-05-09 00:26:30,1.098585,1.098675
1105,2023-05-09 00:26:37,1.0986150000000001,1.0987049999999998
1107,2023-05-09 00:26:38,1.09859,1.09868
1108,2023-05-09 00:26:40,1.09857,1.09866
1113,2023-05-09 00:26:41,1.09859,1.09868
1114,2023-05-09 00:26:46,1.09861,1.0987
1115,2023-05-09 00:26:47,1.09859,1.09868
1116,2023-05-09 00:26:51,1.09854,1.09863
1119,2023-05-09 00:26:52,1.09854,1.09863
1120,2023-05-09 00:27:00,1.09854,1.09863
1121,2023-05-09 00:27:01,1.09853,1.09862
1122,2023-05-09 00:27:02,1.09854,1.09863
1123,2023-05-09 00:27:11,1.09852,1.09861
1126,2023-05-09 00:27:12,1.09853,1.09862
1127,2023-05-09 00:27:17,1.09854,1.09863
1128,2023-05-09 00:27:21,1.09849,1.0985800000000001
1129,2023-05-09 00:27:22,1.098485,1.098575
1135,2023-05-09 00:27:25,1.09849,1.0985800000000001
1136,2023-05-09 00:27:29,1.098515,1.098605
1138,2023-05-09 00:27:31,1.09848,1.09857
1140,2023-05-09 00:27:32,1.0985200000000002,1.0986099999999999
1142,2023-05-09 00:27:38,1.09854,1.09863
1143,2023-05-09 00:27:41,1.09852,1.09861
1144,2023-05-09 00:27:42,1.09849,1.0985800000000001
1149,2023-05-09 00:27:55,1.098495,1.098585
1151,2023-05-09 00:27:56,1.09853,1.09862
1152,2023-05-09 00:28:01,1.09853,1.09862
1153,2023-05-09 00:28:04,1.0985550000000002,1.0986449999999999
1155,2023-05-09 00:28:07,1.09855,1.09864
1156,2023-05-09 00:28:11,1.09857,1.09866
1157,2023-05-09 00:28:12,1.0985800000000001,1.09867
1158,2023-05-09 00:28:17,1.09856,1.09865
1159,2023-05-09 00:28:18,1.09857,1.09866
1160,2023-05-09 00:28:30,1.09854,1.09863
1161,2023-05-09 00:28:43,1.09857,1.09866
1162,2023-05-09 00:29:00,1.098575,1.098665
1164,2023-05-09 00:29:04,1.09861,1.0987
1165,2023-05-09 00:29:18,1.098545,1.098635
1167,2023-05-09 00:29:19,1.09855,1.09864
1168,2023-05-09 00:29:20,1.09857,1.09866
1171,2023-05-09 00:29:23,1.0985800000000001,1.09867
1172,2023-05-09 00:29:24,1.09859,1.09868
1173,2023-05-09 00:29:25,1.0985900000000002,1.0986799999999999
1175,2023-05-09 00:29:27,1.09861,1.0987
1176,2023-05-09 00:29:38,1.0986,1.09869
1177,2023-05-09 00:29:46,1.09861,1.0987
1178,2023-05-09 00:29:53,1.0986449999999999,1.098735
1180,2023-05-09 00:29:59,1.09868,1.09877
1181,2023-05-09 00:30:00,1.09868,1.09877
1182,2023-05-09 00:30:03,1.098725,1.098815
1184,2023-05-09 00:30:04,1.09872,1.09881
1185,2023-05-09 00:30:08,1.09873,1.09882
1186,2023-05-09 00:30:14,1.09874,1.09883
1187,2023-05-09 00:30:19,1.09875,1.09884
1188,2023-05-09 00:30:20,1.09878,1.09887
1189,2023-05-09 00:30:24,1.0987399999999998,1.09883
1191,2023-05-09 00:30:26,1.0987149999999999,1.098805
1193,2023-05-09 00:30:30,1.09869,1.09878
1194,2023-05-09 00:30:31,1.09868,1.09877
1195,2023-05-09 00:30:40,1.09869,1.09878
1196,2023-05-09 00:30:46,1.09873,1.09882
1197,2023-05-09 00:31:00,1.09873,1.09882
1198,2023-05-09 00:31:03,1.098755,1.098845
1200,2023-05-09 00:31:05,1.09873,1.09882
1201,2023-05-09 00:31:06,1.09872,1.09881
1202,2023-05-09 00:31:09,1.09873,1.09882
1203,2023-05-09 00:31:13,1.09871,1.0988
1204,2023-05-09 00:31:15,1.0987149999999999,1.098805
1206,2023-05-09 00:31:26,1.09872,1.09881
1207,2023-05-09 00:31:30,1.09871,1.0988
1208,2023-05-09 00:31:31,1.09872,1.09881
1209,2023-05-09 00:31:42,1.098765,1.098855
1211,2023-05-09 00:31:43,1.098745,1.098835
1213,2023-05-09 00:31:54,1.098725,1.098815
1215,2023-05-09 00:31:57,1.09873,1.09882
1216,2023-05-09 00:32:00,1.09873,1.09882
1217,2023-05-09 00:32:02,1.0987200000000001,1.0988099999999998
1219,2023-05-09 00:32:04,1.098745,1.098835
1221,2023-05-09 00:32:05,1.09874,1.09883
1222,2023-05-09 00:32:06,1.09875,1.09884
1223,2023-05-09 00:32:07,1.09877,1.09886
1226,2023-05-09 00:32:13,1.09879,1.09888
1227,2023-05-09 00:32:24,1.09878,1.09887
1228,2023-05-09 00:32:25,1.09874,1.09883
1231,2023-05-09 00:32:43,1.09872,1.09881
1232,2023-05-09 00:32:44,1.0987,1.0987900000000002
1234,2023-05-09 00:32:45,1.09868,1.09877
1235,2023-05-09 00:32:46,1.09869,1.09878
1236,2023-05-09 00:32:50,1.09872,1.09881
1237,2023-05-09 00:32:55,1.098695,1.098785
1239,2023-05-09 00:33:00,1.09869,1.09878
1240,2023-05-09 00:33:01,1.09868,1.09877
1241,2023-05-09 00:33:02,1.09869,1.09878
1242,2023-05-09 00:33:05,1.09868,1.09877
1243,2023-05-09 00:33:12,1.098655,1.098745
1245,2023-05-09 00:33:16,1.09864,1.09873
1246,2023-05-09 00:33:25,1.098605,1.098695
1248,2023-05-09 00:33:26,1.098625,1.0987149999999999
1250,2023-05-09 00:33:28,1.09861,1.0987
1251,2023-05-09 00:33:30,1.098675,1.098765
1253,2023-05-09 00:33:32,1.09869,1.09878
1254,2023-05-09 00:33:36,1.098725,1.098815
1256,2023-05-09 00:33:37,1.09871,1.0988
1258,2023-05-09 00:33:38,1.098695,1.098785
1260,2023-05-09 00:33:42,1.09871,1.0988
1261,2023-05-09 00:33:43,1.098725,1.098815
1263,2023-05-09 00:33:44,1.09873,1.09882
1264,2023-05-09 00:33:46,1.098725,1.098815
1266,2023-05-09 00:33:56,1.0987049999999998,1.098795
1268,2023-05-09 00:34:00,1.0987,1.09879
1271,2023-05-09 00:34:06,1.0987,1.09879
1272,2023-05-09 00:34:07,1.098695,1.098785
1274,2023-05-09 00:34:16,1.098725,1.098815
1276,2023-05-09 00:34:36,1.09869,1.09878
1277,2023-05-09 00:34:46,1.0986850000000001,1.098775
1279,2023-05-09 00:34:55,1.09868,1.09877
1280,2023-05-09 00:34:56,1.0986799999999999,1.09877
1282,2023-05-09 00:34:57,1.0986850000000001,1.098775
1284,2023-05-09 00:34:58,1.09869,1.09878
1285,2023-05-09 00:34:59,1.0986850000000001,1.098775
1287,2023-05-09 00:35:00,1.09869,1.09878
1288,2023-05-09 00:35:05,1.0987149999999999,1.098805
1290,2023-05-09 00:35:06,1.09869,1.09878
1291,2023-05-09 00:35:08,1.0987149999999999,1.098805
1293,2023-05-09 00:35:17,1.098695,1.098785
1295,2023-05-09 00:35:27,1.09868,1.09877
1296,2023-05-09 00:35:30,1.09869,1.09878
1297,2023-05-09 00:35:31,1.09868,1.09877
1298,2023-05-09 00:35:32,1.09869,1.09878
1299,2023-05-09 00:35:35,1.09874,1.09883
1300,2023-05-09 00:35:47,1.09872,1.09881
1301,2023-05-09 00:35:56,1.0987149999999999,1.098805
1303,2023-05-09 00:35:57,1.0986850000000001,1.098775
1305,2023-05-09 00:36:00,1.09868,1.09877
1306,2023-05-09 00:36:01,1.09869,1.09878
1307,2023-05-09 00:36:04,1.09868,1.09877
1308,2023-05-09 00:36:06,1.09867,1.09876
1312,2023-05-09 00:36:07,1.09869,1.09878
1313,2023-05-09 00:36:11,1.09868,1.09877
1314,2023-05-09 00:36:26,1.09867,1.09876
1317,2023-05-09 00:36:27,1.09864,1.09873
1318,2023-05-09 00:36:28,1.098635,1.098725
1320,2023-05-09 00:36:29,1.09863,1.09872
1321,2023-05-09 00:36:33,1.09864,1.09873
1322,2023-05-09 00:36:38,1.09863,1.09872
1323,2023-05-09 00:36:40,1.09863,1.0987200000000001
1325,2023-05-09 00:36:41,1.09863,1.09872
1326,2023-05-09 00:36:50,1.09862,1.09871
1327,2023-05-09 00:36:54,1.09863,1.09872
1328,2023-05-09 00:36:58,1.098625,1.0987149999999999
1330,2023-05-09 00:37:01,1.09863,1.09872
1331,2023-05-09 00:37:04,1.098605,1.098695
1333,2023-05-09 00:37:05,1.09859,1.09868
1334,2023-05-09 00:37:08,1.0985800000000001,1.09867
1335,2023-05-09 00:37:15,1.098595,1.0986850000000001
1337,2023-05-09 00:37:16,1.098595,1.0986850000000001
1339,2023-05-09 00:37:20,1.09861,1.0987
1340,2023-05-09 00:37:21,1.09862,1.09871
1341,2023-05-09 00:37:26,1.09863,1.09872
1342,2023-05-09 00:37:28,1.098595,1.0986850000000001
1344,2023-05-09 00:37:32,1.0986150000000001,1.0987049999999998
1346,2023-05-09 00:37:33,1.098595,1.0986850000000001
1348,2023-05-09 00:37:38,1.09859,1.09868
1349,2023-05-09 00:37:41,1.09862,1.09871
1350,2023-05-09 00:37:42,1.0986,1.09869
1351,2023-05-09 00:37:46,1.0986150000000001,1.098705
1353,2023-05-09 00:37:47,1.09861,1.0987
1354,2023-05-09 00:37:48,1.09862,1.09871
1355,2023-05-09 00:37:49,1.0986,1.09869
1357,2023-05-09 00:37:53,1.0986,1.09869
1358,2023-05-09 00:37:58,1.09859,1.09868
1359,2023-05-09 00:37:59,1.098605,1.0986950000000002
1363,2023-05-09 00:38:00,1.09863,1.09872
1364,2023-05-09 00:38:01,1.09862,1.09871
1367,2023-05-09 00:38:02,1.09861,1.0987
1368,2023-05-09 00:38:03,1.09862,1.09871
1369,2023-05-09 00:38:05,1.09863,1.09872
1370,2023-05-09 00:38:14,1.09865,1.09874
1371,2023-05-09 00:38:15,1.09867,1.09876
1372,2023-05-09 00:38:19,1.0987149999999999,1.098805
1374,2023-05-09 00:38:26,1.09873,1.09882
1375,2023-05-09 00:38:29,1.098695,1.098785
1377,2023-05-09 00:38:39,1.09868,1.09877
1378,2023-05-09 00:38:41,1.09868,1.09877
1381,2023-05-09 00:38:49,1.09869,1.09878
1382,2023-05-09 00:38:51,1.09872,1.09881
1383,2023-05-09 00:38:52,1.09873,1.09882
1384,2023-05-09 00:38:54,1.098735,1.098825
1386,2023-05-09 00:38:58,1.09871,1.0988
1387,2023-05-09 00:38:59,1.09873,1.09882
1388,2023-05-09 00:39:00,1.09873,1.09882
1389,2023-05-09 00:39:04,1.09874,1.09883
1390,2023-05-09 00:39:05,1.09873,1.09882
1391,2023-05-09 00:39:11,1.09874,1.09883
1392,2023-05-09 00:39:20,1.098735,1.098825
1394,2023-05-09 00:39:30,1.09873,1.09882
1395,2023-05-09 00:39:40,1.09868,1.09877
1396,2023-05-09 00:39:50,1.0986449999999999,1.098735
1398,2023-05-09 00:39:54,1.09866,1.09875
1399,2023-05-09 00:39:55,1.09865,1.09874
1400,2023-05-09 00:40:00,1.0986449999999999,1.098735
1402,2023-05-09 00:40:10,1.09861,1.0987
1403,2023-05-09 00:40:11,1.09865,1.09874
1404,2023-05-09 00:40:16,1.0986850000000001,1.098775
1408,2023-05-09 00:40:17,1.0986850000000001,1.098775
1410,2023-05-09 00:40:18,1.0987,1.09879
1411,2023-05-09 00:40:19,1.09869,1.09878
1412,2023-05-09 00:40:24,1.09866,1.09875
1413,2023-05-09 00:40:25,1.09865,1.09874
1414,2023-05-09 00:40:29,1.09866,1.09875
1415,2023-05-09 00:40:30,1.0986500000000001,1.0987399999999998
1417,2023-05-09 00:40:31,1.098695,1.098785
1419,2023-05-09 00:40:33,1.098695,1.098785
1421,2023-05-09 00:40:36,1.098695,1.098785
1423,2023-05-09 00:40:38,1.098695,1.098785
1425,2023-05-09 00:40:50,1.098695,1.098785
1427,2023-05-09 00:40:51,1.09869,1.09878
1431,2023-05-09 00:40:52,1.0987,1.09879
1432,2023-05-09 00:40:53,1.098695,1.098785
1434,2023-05-09 00:41:00,1.0987,1.09879
1435,2023-05-09 00:41:01,1.09869,1.09878
1437,2023-05-09 00:41:11,1.098695,1.098785
1439,2023-05-09 00:41:14,1.09869,1.09878
1440,2023-05-09 00:41:15,1.0987,1.09879
1441,2023-05-09 00:41:17,1.098725,1.098815
1443,2023-05-09 00:41:18,1.09875,1.09884
1444,2023-05-09 00:41:19,1.09873,1.09882
1448,2023-05-09 00:41:20,1.098735,1.098825
1452,2023-05-09 00:41:21,1.0987,1.0987900000000002
1454,2023-05-09 00:41:30,1.0987,1.09879
1455,2023-05-09 00:41:39,1.09871,1.0988
1456,2023-05-09 00:41:42,1.098695,1.098785
1458,2023-05-09 00:41:48,1.098675,1.098765
1460,2023-05-09 00:41:49,1.098655,1.098745
1462,2023-05-09 00:41:50,1.098655,1.098745
1464,2023-05-09 00:41:51,1.09865,1.09874
1465,2023-05-09 00:41:52,1.09866,1.09875
1466,2023-05-09 00:41:59,1.09869,1.09878
1467,2023-05-09 00:42:00,1.09868,1.09877
1468,2023-05-09 00:42:01,1.098665,1.098755
1470,2023-05-09 00:42:02,1.09865,1.09874
1471,2023-05-09 00:42:04,1.0987,1.09879
1474,2023-05-09 00:42:13,1.09871,1.0988
1475,2023-05-09 00:42:15,1.0987,1.09879
1476,2023-05-09 00:42:18,1.098725,1.098815
1478,2023-05-09 00:42:19,1.09871,1.0988
1479,2023-05-09 00:42:22,1.0987,1.09879
1480,2023-05-09 00:42:32,1.098695,1.098785
1482,2023-05-09 00:42:43,1.09869,1.09878
1484,2023-05-09 00:42:48,1.098695,1.098785
1486,2023-05-09 00:42:51,1.09869,1.09878
1487,2023-05-09 00:42:54,1.0987,1.09879
1488,2023-05-09 00:42:55,1.09869,1.09878
1489,2023-05-09 00:42:56,1.098655,1.098745
1491,2023-05-09 00:43:02,1.09865,1.09874
1492,2023-05-09 00:43:09,1.09861,1.0987
1493,2023-05-09 00:43:10,1.09865,1.09874
1494,2023-05-09 00:43:33,1.09868,1.09877
1495,2023-05-09 00:43:34,1.09869,1.09878
1496,2023-05-09 00:43:56,1.0987,1.09879
1497,2023-05-09 00:44:00,1.0987,1.09879
1498,2023-05-09 00:44:15,1.09871,1.0988
1499,2023-05-09 00:44:24,1.098745,1.098835
1501,2023-05-09 00:44:25,1.098705,1.098795
1503,2023-05-09 00:44:30,1.098695,1.098785
1505,2023-05-09 00:44:31,1.09869,1.09878
1506,2023-05-09 00:44:32,1.0987,1.09879
1507,2023-05-09 00:44:41,1.0986850000000001,1.098775
1509,2023-05-09 00:44:46,1.09868,1.09877
1510,2023-05-09 00:44:47,1.098695,1.098785
1512,2023-05-09 00:44:49,1.09865,1.09874
1513,2023-05-09 00:44:53,1.09862,1.09871
1516,2023-05-09 00:44:56,1.09861,1.0987
1517,2023-05-09 00:44:57,1.09863,1.09872
1518,2023-05-09 00:44:59,1.09864,1.09873
1519,2023-05-09 00:45:00,1.09864,1.09873
1520,2023-05-09 00:45:04,1.09863,1.09872
1521,2023-05-09 00:45:11,1.09864,1.09873
1522,2023-05-09 00:45:16,1.0986449999999999,1.098735
1524,2023-05-09 00:45:26,1.0986,1.09869
1525,2023-05-09 00:45:30,1.09859,1.09868
1526,2023-05-09 00:45:34,1.0986,1.09869
1527,2023-05-09 00:45:45,1.098625,1.0987149999999999
1529,2023-05-09 00:45:48,1.0986600000000002,1.09875
1531,2023-05-09 00:45:50,1.098675,1.098765
1533,2023-05-09 00:45:52,1.09867,1.09876
1534,2023-05-09 00:45:53,1.09868,1.09877
1535,2023-05-09 00:45:54,1.09869,1.09878
1536,2023-05-09 00:45:55,1.09871,1.0988
1538,2023-05-09 00:45:56,1.09873,1.09882
1539,2023-05-09 00:45:57,1.09872,1.09881
1540,2023-05-09 00:45:58,1.09873,1.09882
1541,2023-05-09 00:46:00,1.09874,1.09883
1542,2023-05-09 00:46:05,1.09873,1.09882
1543,2023-05-09 00:46:06,1.09874,1.09883
1544,2023-05-09 00:46:08,1.09878,1.09887
1545,2023-05-09 00:46:09,1.098765,1.098855
1547,2023-05-09 00:46:11,1.09878,1.09887
1548,2023-05-09 00:46:13,1.09879,1.09888
1549,2023-05-09 00:46:25,1.098785,1.098875
1551,2023-05-09 00:46:55,1.09878,1.09887
1552,2023-05-09 00:46:58,1.09879,1.09888
1553,2023-05-09 00:47:00,1.09879,1.09888
1554,2023-05-09 00:47:05,1.098775,1.098865
1556,2023-05-09 00:47:10,1.098745,1.098835
1558,2023-05-09 00:47:11,1.09873,1.09882
1559,2023-05-09 00:47:12,1.09874,1.09883
1560,2023-05-09 00:47:17,1.09873,1.09882
1561,2023-05-09 00:47:23,1.09874,1.09883
1562,2023-05-09 00:47:24,1.09873,1.09882
1563,2023-05-09 00:47:26,1.09874,1.09883
1564,2023-05-09 00:47:30,1.098725,1.098815
1566,2023-05-09 00:47:31,1.09873,1.09882
1567,2023-05-09 00:47:32,1.09874,1.09883
1568,2023-05-09 00:47:38,1.09873,1.09882
1569,2023-05-09 00:47:39,1.098735,1.098825
1571,2023-05-09 00:47:40,1.09874,1.09883
1572,2023-05-09 00:47:44,1.09873,1.09882
1573,2023-05-09 00:47:45,1.098735,1.098825
1575,2023-05-09 00:47:46,1.09874,1.09883
1576,2023-05-09 00:47:58,1.09877,1.09886
1577,2023-05-09 00:48:00,1.09877,1.09886
1578,2023-05-09 00:48:01,1.09874,1.09883
1579,2023-05-09 00:48:10,1.09878,1.09887
1582,2023-05-09 00:48:11,1.09882,1.09891
1583,2023-05-09 00:48:12,1.0988,1.09889
1586,2023-05-09 00:48:13,1.09879,1.09888
1589,2023-05-09 00:48:14,1.0988,1.09889
1592,2023-05-09 00:48:15,1.09881,1.0989
1595,2023-05-09 00:48:16,1.09887,1.09896
1597,2023-05-09 00:48:17,1.09888,1.09897
1598,2023-05-09 00:48:18,1.09889,1.09898
1599,2023-05-09 00:48:19,1.0989,1.0989900000000001
1601,2023-05-09 00:48:22,1.09889,1.09898
1604,2023-05-09 00:48:23,1.0988850000000001,1.098975
1606,2023-05-09 00:48:24,1.09891,1.099
1607,2023-05-09 00:48:25,1.09891,1.099
1611,2023-05-09 00:48:26,1.09891,1.099
1614,2023-05-09 00:48:27,1.09893,1.0990199999999999
1615,2023-05-09 00:48:28,1.09894,1.09903
1616,2023-05-09 00:48:29,1.09893,1.0990199999999999
1619,2023-05-09 00:48:30,1.098945,1.099035
1621,2023-05-09 00:48:31,1.09896,1.09905
1624,2023-05-09 00:48:32,1.0989200000000001,1.0990099999999998
1626,2023-05-09 00:48:33,1.0989550000000001,1.0990449999999998
1628,2023-05-09 00:48:34,1.09895,1.09904
1629,2023-05-09 00:48:36,1.09896,1.09905
1630,2023-05-09 00:48:38,1.09899,1.09908
1631,2023-05-09 00:48:40,1.09898,1.09907
1632,2023-05-09 00:48:44,1.09896,1.09905
1633,2023-05-09 00:48:45,1.09897,1.09906
1634,2023-05-09 00:48:47,1.098965,1.099055
1636,2023-05-09 00:48:54,1.09896,1.09905
1637,2023-05-09 00:48:55,1.09897,1.09906
1638,2023-05-09 00:48:59,1.098965,1.099055
1640,2023-05-09 00:49:00,1.098975,1.099065
1642,2023-05-09 00:49:03,1.099,1.09909
1643,2023-05-09 00:49:05,1.0990199999999999,1.09911
1646,2023-05-09 00:49:06,1.09901,1.0991
1649,2023-05-09 00:49:14,1.09899,1.09908
1650,2023-05-09 00:49:17,1.098975,1.099065
1652,2023-05-09 00:49:18,1.09898,1.09907
1653,2023-05-09 00:49:22,1.09899,1.09908
1654,2023-05-09 00:49:26,1.099,1.09909
1655,2023-05-09 00:49:31,1.099005,1.099095
1657,2023-05-09 00:49:32,1.09901,1.0991
1658,2023-05-09 00:49:33,1.0989900000000001,1.0990799999999998
1660,2023-05-09 00:49:38,1.09899,1.09908
1661,2023-05-09 00:49:46,1.099,1.09909
1662,2023-05-09 00:49:49,1.09901,1.0991
1663,2023-05-09 00:49:51,1.0990199999999999,1.09911
1664,2023-05-09 00:49:52,1.09901,1.0991
1665,2023-05-09 00:49:54,1.09899,1.09908
1666,2023-05-09 00:49:59,1.09898,1.09907
1667,2023-05-09 00:50:00,1.09898,1.09907
1668,2023-05-09 00:50:05,1.09895,1.09904
1669,2023-05-09 00:50:06,1.09894,1.09903
1670,2023-05-09 00:50:11,1.09895,1.09904
1671,2023-05-09 00:50:15,1.09894,1.09903
1672,2023-05-09 00:50:17,1.09895,1.09904
1673,2023-05-09 00:50:20,1.09894,1.09903
1674,2023-05-09 00:50:28,1.09893,1.0990199999999999
1675,2023-05-09 00:50:30,1.09894,1.09903
1676,2023-05-09 00:50:32,1.098945,1.099035
1678,2023-05-09 00:50:33,1.09896,1.09905
1679,2023-05-09 00:50:34,1.09895,1.09904
1682,2023-05-09 00:50:35,1.098935,1.099025
1684,2023-05-09 00:50:36,1.09894,1.09903
1685,2023-05-09 00:50:41,1.09896,1.09905
1686,2023-05-09 00:50:52,1.09899,1.09908
1689,2023-05-09 00:50:53,1.099005,1.099095
1691,2023-05-09 00:50:54,1.09899,1.09908
1692,2023-05-09 00:50:58,1.099,1.09909
1693,2023-05-09 00:51:00,1.0990099999999998,1.0991
1695,2023-05-09 00:51:05,1.099035,1.099125
1697,2023-05-09 00:51:07,1.099035,1.099125
1699,2023-05-09 00:51:14,1.099055,1.099145
1701,2023-05-09 00:51:15,1.099065,1.099155
1703,2023-05-09 00:51:20,1.09904,1.09913
1704,2023-05-09 00:51:29,1.0990199999999999,1.09911
1705,2023-05-09 00:51:30,1.09903,1.09912
1706,2023-05-09 00:51:31,1.09905,1.09914
1707,2023-05-09 00:51:33,1.09904,1.09913
1708,2023-05-09 00:51:34,1.09905,1.09914
1709,2023-05-09 00:51:39,1.09908,1.09917
1710,2023-05-09 00:51:40,1.09909,1.09918
1711,2023-05-09 00:51:43,1.09908,1.09917
1712,2023-05-09 00:51:59,1.099075,1.099165
1714,2023-05-09 00:52:00,1.09906,1.09915
1717,2023-05-09 00:52:09,1.09907,1.09916
1718,2023-05-09 00:52:10,1.09908,1.09917
1719,2023-05-09 00:52:18,1.09907,1.09916
1720,2023-05-09 00:52:20,1.09908,1.09917
1721,2023-05-09 00:52:24,1.09905,1.09914
1723,2023-05-09 00:52:27,1.099045,1.099135
1725,2023-05-09 00:52:28,1.09907,1.09916
1726,2023-05-09 00:52:37,1.09905,1.09914
1729,2023-05-09 00:52:42,1.099035,1.099125
1731,2023-05-09 00:52:44,1.099055,1.099145
1733,2023-05-09 00:52:45,1.09906,1.09915
1734,2023-05-09 00:52:46,1.09907,1.09916
1735,2023-05-09 00:52:52,1.09908,1.09917
1736,2023-05-09 00:52:53,1.099075,1.099165
1738,2023-05-09 00:53:00,1.09908,1.09917
1739,2023-05-09 00:53:07,1.09907,1.09916
1740,2023-05-09 00:53:11,1.09905,1.09914
1741,2023-05-09 00:53:12,1.09904,1.09913
1742,2023-05-09 00:53:13,1.09903,1.09912
1743,2023-05-09 00:53:20,1.099035,1.099125
1745,2023-05-09 00:53:23,1.099035,1.099125
1747,2023-05-09 00:53:29,1.0990199999999999,1.09911
1748,2023-05-09 00:53:30,1.09901,1.0991
1749,2023-05-09 00:53:34,1.09899,1.09908
1752,2023-05-09 00:53:42,1.099015,1.099105
1754,2023-05-09 00:53:50,1.09899,1.09908
1755,2023-05-09 00:53:54,1.09898,1.09907
1756,2023-05-09 00:54:00,1.098945,1.099035
1758,2023-05-09 00:54:05,1.098935,1.099025
1760,2023-05-09 00:54:27,1.09893,1.0990199999999999
1761,2023-05-09 00:54:29,1.098935,1.099025
1763,2023-05-09 00:54:34,1.0988850000000001,1.098975
1765,2023-05-09 00:54:35,1.0988850000000001,1.098975
1767,2023-05-09 00:54:36,1.09891,1.099
1768,2023-05-09 00:54:37,1.09892,1.09901
1769,2023-05-09 00:54:38,1.09888,1.09897
1770,2023-05-09 00:54:39,1.098865,1.0989550000000001
1772,2023-05-09 00:54:40,1.09886,1.09895
1773,2023-05-09 00:54:42,1.09888,1.09897
1774,2023-05-09 00:54:43,1.09884,1.09893
1775,2023-05-09 00:54:44,1.098845,1.098935
1779,2023-05-09 00:54:45,1.098855,1.098945
1781,2023-05-09 00:54:47,1.09888,1.09897
1784,2023-05-09 00:54:48,1.09887,1.09896
1785,2023-05-09 00:54:49,1.09883,1.09892
1786,2023-05-09 00:54:52,1.09882,1.09891
1789,2023-05-09 00:54:53,1.098805,1.098895
1791,2023-05-09 00:54:56,1.09881,1.0989
1792,2023-05-09 00:54:57,1.09883,1.09892
1793,2023-05-09 00:54:58,1.09882,1.09891
1796,2023-05-09 00:54:59,1.09877,1.0988600000000002
1798,2023-05-09 00:55:00,1.09878,1.09887
1802,2023-05-09 00:55:01,1.09879,1.09888
1803,2023-05-09 00:55:02,1.098805,1.098895
1805,2023-05-09 00:55:03,1.09883,1.09892
1806,2023-05-09 00:55:05,1.09884,1.09893
1807,2023-05-09 00:55:09,1.098855,1.098945
1809,2023-05-09 00:55:10,1.09888,1.09897
1810,2023-05-09 00:55:19,1.09889,1.09898
1811,2023-05-09 00:55:20,1.09888,1.09897
1812,2023-05-09 00:55:22,1.0989,1.09899
1813,2023-05-09 00:55:31,1.098895,1.0989849999999999
1815,2023-05-09 00:55:33,1.09888,1.09897
1816,2023-05-09 00:55:35,1.09889,1.09898
1817,2023-05-09 00:55:36,1.09888,1.09897
1818,2023-05-09 00:55:37,1.09889,1.09898
1819,2023-05-09 00:55:38,1.09888,1.09897
1820,2023-05-09 00:55:39,1.09889,1.09898
1821,2023-05-09 00:55:40,1.09888,1.09897
1822,2023-05-09 00:55:41,1.09885,1.09894
1823,2023-05-09 00:55:44,1.09888,1.09897
1824,2023-05-09 00:55:46,1.09889,1.09898
1825,2023-05-09 00:55:54,1.0989,1.09899
1826,2023-05-09 00:56:00,1.0989149999999999,1.099005
1828,2023-05-09 00:56:01,1.09894,1.09903
1829,2023-05-09 00:56:03,1.098965,1.099055
1831,2023-05-09 00:56:05,1.09898,1.09907
1832,2023-05-09 00:56:10,1.09899,1.09908
1833,2023-05-09 00:56:11,1.09903,1.09912
1834,2023-05-09 00:56:12,1.09903,1.09912
1837,2023-05-09 00:56:15,1.09897,1.09906
1838,2023-05-09 00:56:16,1.09898,1.09907
1839,2023-05-09 00:56:17,1.09899,1.09908
1840,2023-05-09 00:56:18,1.09901,1.0991
1841,2023-05-09 00:56:27,1.09899,1.09908
1842,2023-05-09 00:56:31,1.09898,1.09907
1843,2023-05-09 00:56:33,1.09896,1.09905
1845,2023-05-09 00:56:38,1.09896,1.09905
1846,2023-05-09 00:56:39,1.09895,1.09904
1847,2023-05-09 00:56:40,1.09896,1.09905
1848,2023-05-09 00:56:42,1.09897,1.09906
1849,2023-05-09 00:56:43,1.09896,1.09905
1850,2023-05-09 00:57:00,1.09896,1.09905
1851,2023-05-09 00:57:03,1.09897,1.09906
1852,2023-05-09 00:57:05,1.09899,1.09908
1853,2023-05-09 00:57:22,1.09898,1.09907
1854,2023-05-09 00:57:27,1.09897,1.09906
1855,2023-05-09 00:57:34,1.09898,1.09907
1856,2023-05-09 00:57:35,1.09897,1.09906
1857,2023-05-09 00:57:37,1.09896,1.09905
1858,2023-05-09 00:57:40,1.09897,1.09906
1859,2023-05-09 00:57:41,1.09896,1.09905
1860,2023-05-09 00:57:47,1.098975,1.099065
1862,2023-05-09 00:58:00,1.09897,1.09906
1865,2023-05-09 00:58:11,1.09898,1.09907
1866,2023-05-09 00:58:21,1.09897,1.09906
1867,2023-05-09 00:58:26,1.09896,1.09905
1868,2023-05-09 00:58:32,1.09897,1.09906
1869,2023-05-09 00:58:41,1.09896,1.09905
1870,2023-05-09 00:58:42,1.09894,1.09903
1871,2023-05-09 00:58:49,1.098925,1.099015
1873,2023-05-09 00:58:50,1.09893,1.0990199999999999
1874,2023-05-09 00:58:52,1.09894,1.09903
1875,2023-05-09 00:59:00,1.09894,1.09903
1876,2023-05-09 00:59:06,1.09897,1.09906
1877,2023-05-09 00:59:27,1.09896,1.09905
1878,2023-05-09 00:59:29,1.09897,1.09906
1879,2023-05-09 00:59:35,1.09896,1.09905
1880,2023-05-09 00:59:37,1.09894,1.09903
1882,2023-05-09 00:59:45,1.09892,1.09901
1883,2023-05-09 00:59:47,1.09893,1.0990199999999999
1884,2023-05-09 00:59:57,1.09894,1.09903
1885,2023-05-09 01:00:00,1.09894,1.09903
1886,2023-05-09 01:00:01,1.09895,1.09904
1887,2023-05-09 01:00:03,1.09896,1.09905
1888,2023-05-09 01:00:07,1.098935,1.099025
1890,2023-05-09 01:00:18,1.09896,1.09905
1891,2023-05-09 01:00:35,1.09898,1.09907
1892,2023-05-09 01:00:37,1.09897,1.09906
1893,2023-05-09 01:00:46,1.09898,1.09907
1894,2023-05-09 01:00:48,1.09897,1.09906
1895,2023-05-09 01:00:53,1.09896,1.09905
1896,2023-05-09 01:00:55,1.098935,1.099025
1898,2023-05-09 01:01:00,1.09893,1.0990199999999999
1899,2023-05-09 01:01:04,1.0989,1.09899
1900,2023-05-09 01:01:10,1.09889,1.09898
1901,2023-05-09 01:01:13,1.09886,1.09895
1902,2023-05-09 01:01:18,1.09884,1.09893
1903,2023-05-09 01:01:19,1.098825,1.0989149999999999
1905,2023-05-09 01:01:21,1.09881,1.0989
1906,2023-05-09 01:01:24,1.09882,1.09891
1907,2023-05-09 01:01:27,1.09883,1.09892
1908,2023-05-09 01:01:31,1.098855,1.098945
1910,2023-05-09 01:01:45,1.09885,1.09894
1911,2023-05-09 01:01:47,1.09886,1.09895
1912,2023-05-09 01:01:48,1.09888,1.09897
1913,2023-05-09 01:01:52,1.0989149999999999,1.099005
1915,2023-05-09 01:01:59,1.09893,1.0990199999999999
1916,2023-05-09 01:02:00,1.09893,1.0990199999999999
1917,2023-05-09 01:02:01,1.09897,1.09906
1918,2023-05-09 01:02:02,1.09894,1.09903
1921,2023-05-09 01:02:35,1.09893,1.0990199999999999
1922,2023-05-09 01:02:37,1.09892,1.09901
1923,2023-05-09 01:02:49,1.09893,1.0990199999999999
1924,2023-05-09 01:02:54,1.09892,1.09901
1925,2023-05-09 01:03:00,1.098925,1.099015
1927,2023-05-09 01:03:02,1.09892,1.09901
1928,2023-05-09 01:03:06,1.09893,1.0990199999999999
1929,2023-05-09 01:03:09,1.098945,1.099035
1931,2023-05-09 01:03:12,1.09894,1.09903
1932,2023-05-09 01:03:17,1.0989550000000001,1.099045
1934,2023-05-09 01:03:19,1.098975,1.099065
1936,2023-05-09 01:03:21,1.09897,1.0990600000000001
1938,2023-05-09 01:03:26,1.0989900000000001,1.0990799999999998
1940,2023-05-09 01:03:27,1.0990199999999999,1.09911
1941,2023-05-09 01:03:28,1.09901,1.0991
1942,2023-05-09 01:03:29,1.0990199999999999,1.09911
1943,2023-05-09 01:03:37,1.09903,1.09912
1944,2023-05-09 01:03:53,1.09901,1.0991
1945,2023-05-09 01:03:55,1.0990199999999999,1.09911
1946,2023-05-09 01:04:00,1.0990199999999999,1.09911
1947,2023-05-09 01:04:01,1.09901,1.0991
1948,2023-05-09 01:04:02,1.09903,1.09912
1949,2023-05-09 01:04:03,1.099015,1.099105
1951,2023-05-09 01:04:09,1.099035,1.099125
1953,2023-05-09 01:04:13,1.09906,1.09915
1954,2023-05-09 01:04:16,1.09904,1.09913
1955,2023-05-09 01:04:22,1.09903,1.09912
1956,2023-05-09 01:04:39,1.099065,1.099155
1958,2023-05-09 01:04:46,1.09908,1.09917
1959,2023-05-09 01:05:00,1.09908,1.09917
1960,2023-05-09 01:05:08,1.099045,1.099135
1962,2023-05-09 01:05:09,1.09905,1.09914
1963,2023-05-09 01:05:14,1.099045,1.099135
1965,2023-05-09 01:05:15,1.0990600000000001,1.0991499999999998
1967,2023-05-09 01:05:16,1.09906,1.09915
1968,2023-05-09 01:05:17,1.09907,1.09916
1969,2023-05-09 01:05:19,1.09908,1.09917
1970,2023-05-09 01:05:26,1.09907,1.09916
1971,2023-05-09 01:05:30,1.09906,1.09915
1972,2023-05-09 01:05:35,1.09907,1.09916
1973,2023-05-09 01:05:43,1.09908,1.09917
1974,2023-05-09 01:05:48,1.09907,1.09916
1975,2023-05-09 01:05:54,1.09908,1.09917
1976,2023-05-09 01:06:00,1.09908,1.09917
1977,2023-05-09 01:06:03,1.09904,1.0991300000000002
1979,2023-05-09 01:06:07,1.0990199999999999,1.09911
1980,2023-05-09 01:06:13,1.09901,1.0991
1981,2023-05-09 01:06:15,1.0990199999999999,1.09911
1982,2023-05-09 01:06:24,1.09901,1.0991
1983,2023-05-09 01:06:29,1.099025,1.099115
1985,2023-05-09 01:06:30,1.09904,1.09913
1986,2023-05-09 01:06:33,1.09907,1.09916
1987,2023-05-09 01:06:37,1.09905,1.09914
1988,2023-05-09 01:06:38,1.09906,1.09915
1989,2023-05-09 01:06:54,1.09907,1.09916
1990,2023-05-09 01:06:59,1.09906,1.09915
1991,2023-05-09 01:07:00,1.09905,1.09914
1994,2023-05-09 01:07:14,1.09903,1.09912
1995,2023-05-09 01:07:15,1.09904,1.09913
1996,2023-05-09 01:07:19,1.099025,1.099115
1998,2023-05-09 01:07:20,1.09905,1.09914
1999,2023-05-09 01:07:24,1.09907,1.09916
2000,2023-05-09 01:07:25,1.09908,1.09917
2001,2023-05-09 01:07:27,1.09907,1.09916
2002,2023-05-09 01:07:30,1.09908,1.09917
2003,2023-05-09 01:07:33,1.09907,1.09916
2004,2023-05-09 01:07:57,1.09908,1.09917
2005,2023-05-09 01:08:00,1.09908,1.09917
2006,2023-05-09 01:08:02,1.09909,1.09918
2007,2023-05-09 01:08:14,1.099075,1.099165
2009,2023-05-09 01:08:16,1.09909,1.09918
2010,2023-05-09 01:08:30,1.09912,1.09921
2012,2023-05-09 01:08:38,1.09914,1.09923
2013,2023-05-09 01:08:42,1.0991900000000001,1.09928
2014,2023-05-09 01:08:43,1.09915,1.09924
2015,2023-05-09 01:08:53,1.09914,1.09923
2016,2023-05-09 01:09:02,1.09914,1.09923
2017,2023-05-09 01:09:06,1.09915,1.09924
2018,2023-05-09 01:09:10,1.0991900000000001,1.09928
2019,2023-05-09 01:09:36,1.09918,1.09927
2020,2023-05-09 01:09:42,1.0991900000000001,1.09928
2021,2023-05-09 01:09:44,1.09918,1.09927
2022,2023-05-09 01:09:49,1.09917,1.09926
2025,2023-05-09 01:09:50,1.09918,1.09927
2026,2023-05-09 01:09:57,1.09922,1.09931
2027,2023-05-09 01:09:58,1.09923,1.09932
2028,2023-05-09 01:09:59,1.09924,1.09933
2029,2023-05-09 01:10:00,1.09923,1.09932
2030,2023-05-09 01:10:02,1.09928,1.09937
2033,2023-05-09 01:10:03,1.099285,1.099375
2035,2023-05-09 01:10:06,1.09928,1.09937
2036,2023-05-09 01:10:07,1.09929,1.09938
2037,2023-05-09 01:10:09,1.099285,1.099375
2039,2023-05-09 01:10:10,1.099285,1.099375
2041,2023-05-09 01:10:20,1.099275,1.099365
2043,2023-05-09 01:10:21,1.09927,1.09936
2044,2023-05-09 01:10:22,1.099245,1.099335
2046,2023-05-09 01:10:23,1.09925,1.09934
2047,2023-05-09 01:10:29,1.09927,1.09936
2048,2023-05-09 01:10:34,1.099245,1.099335
2050,2023-05-09 01:10:36,1.09925,1.09934
2051,2023-05-09 01:10:37,1.09926,1.09935
2052,2023-05-09 01:10:40,1.099245,1.099335
2054,2023-05-09 01:10:42,1.09925,1.09934
2055,2023-05-09 01:10:47,1.09926,1.09935
2056,2023-05-09 01:10:50,1.0992549999999999,1.099345
2058,2023-05-09 01:10:52,1.09929,1.09938
2059,2023-05-09 01:10:54,1.09928,1.09937
2060,2023-05-09 01:10:55,1.09929,1.09938
2061,2023-05-09 01:11:00,1.09929,1.09938
2062,2023-05-09 01:11:08,1.09933,1.09942
2063,2023-05-09 01:11:10,1.09932,1.09941
2066,2023-05-09 01:11:11,1.09933,1.09942
2067,2023-05-09 01:11:17,1.099335,1.099425
2069,2023-05-09 01:11:21,1.09934,1.09943
2070,2023-05-09 01:11:28,1.09935,1.09944
2071,2023-05-09 01:11:35,1.09934,1.09943
2072,2023-05-09 01:11:43,1.09933,1.09942
2073,2023-05-09 01:11:49,1.0993249999999999,1.099415
2075,2023-05-09 01:11:50,1.09934,1.09943
2076,2023-05-09 01:11:56,1.09933,1.09942
2077,2023-05-09 01:11:59,1.09934,1.09943
2078,2023-05-09 01:12:00,1.09933,1.09942
2079,2023-05-09 01:12:04,1.09934,1.09943
2080,2023-05-09 01:12:07,1.099355,1.099445
2082,2023-05-09 01:12:11,1.09928,1.09937
2083,2023-05-09 01:12:18,1.0992600000000001,1.0993499999999998
2085,2023-05-09 01:12:20,1.09926,1.09935
2086,2023-05-09 01:12:21,1.09927,1.09936
2087,2023-05-09 01:12:24,1.09929,1.09938
2088,2023-05-09 01:12:26,1.09928,1.09937
2089,2023-05-09 01:12:32,1.09929,1.09938
2090,2023-05-09 01:12:34,1.09928,1.09937
2091,2023-05-09 01:12:41,1.09927,1.09936
2092,2023-05-09 01:12:43,1.09928,1.09937
2093,2023-05-09 01:12:44,1.09929,1.09938
2094,2023-05-09 01:12:46,1.09927,1.09936
2095,2023-05-09 01:12:53,1.09928,1.09937
2096,2023-05-09 01:12:54,1.09927,1.09936
2097,2023-05-09 01:12:57,1.09928,1.09937
2098,2023-05-09 01:12:59,1.09927,1.09936
2099,2023-05-09 01:13:02,1.09928,1.09937
2101,2023-05-09 01:13:06,1.0992950000000001,1.099385
2103,2023-05-09 01:13:21,1.0993,1.09939
2104,2023-05-09 01:13:22,1.09929,1.09938
2105,2023-05-09 01:13:24,1.0993,1.09939
2106,2023-05-09 01:13:32,1.09932,1.09941
2108,2023-05-09 01:13:33,1.09932,1.09941
2109,2023-05-09 01:13:37,1.09933,1.09942
2110,2023-05-09 01:13:41,1.0993249999999999,1.099415
2112,2023-05-09 01:13:43,1.09932,1.09941
2113,2023-05-09 01:13:48,1.09933,1.09942
2114,2023-05-09 01:13:52,1.09932,1.09941
2115,2023-05-09 01:13:56,1.09933,1.09942
2116,2023-05-09 01:13:57,1.0993249999999999,1.099415
2118,2023-05-09 01:14:01,1.0993249999999999,1.099415
2120,2023-05-09 01:14:02,1.09933,1.09942
2121,2023-05-09 01:14:04,1.09932,1.09941
2122,2023-05-09 01:14:05,1.099375,1.099465
2124,2023-05-09 01:14:07,1.09938,1.09947
2125,2023-05-09 01:14:09,1.09939,1.09948
2126,2023-05-09 01:14:11,1.09938,1.09947
2127,2023-05-09 01:14:13,1.09944,1.09953
2128,2023-05-09 01:14:16,1.09946,1.09955
2132,2023-05-09 01:14:18,1.09945,1.09954
2133,2023-05-09 01:14:20,1.099435,1.0995249999999999
2135,2023-05-09 01:14:23,1.09939,1.09948
2136,2023-05-09 01:14:25,1.09937,1.09946
2137,2023-05-09 01:14:26,1.09938,1.09947
2138,2023-05-09 01:14:30,1.09936,1.09945
2139,2023-05-09 01:14:31,1.099385,1.099475
2141,2023-05-09 01:14:34,1.09938,1.09947
2142,2023-05-09 01:14:36,1.09939,1.09948
2143,2023-05-09 01:14:39,1.09937,1.09946
2144,2023-05-09 01:14:41,1.09936,1.09945
2145,2023-05-09 01:14:42,1.09935,1.09944
2146,2023-05-09 01:14:44,1.09939,1.09948
2148,2023-05-09 01:14:45,1.099405,1.0994950000000001
2150,2023-05-09 01:14:48,1.09943,1.09952
2152,2023-05-09 01:14:50,1.09943,1.09952
2153,2023-05-09 01:14:53,1.09944,1.09953
2154,2023-05-09 01:14:55,1.099425,1.099515
2156,2023-05-09 01:14:59,1.09939,1.09948
2157,2023-05-09 01:15:00,1.09939,1.09948
2158,2023-05-09 01:15:02,1.099385,1.099475
2160,2023-05-09 01:15:04,1.09941,1.0995
2162,2023-05-09 01:15:05,1.099445,1.099535
2164,2023-05-09 01:15:06,1.09944,1.09953
2165,2023-05-09 01:15:12,1.09945,1.09954
2166,2023-05-09 01:15:15,1.09946,1.09955
2167,2023-05-09 01:15:17,1.09945,1.09954
2168,2023-05-09 01:15:21,1.09944,1.09953
2169,2023-05-09 01:15:30,1.09943,1.09952
2170,2023-05-09 01:15:31,1.09944,1.09953
2171,2023-05-09 01:15:41,1.099385,1.099475
2173,2023-05-09 01:15:43,1.09936,1.09945
2174,2023-05-09 01:15:44,1.09938,1.09947
2175,2023-05-09 01:15:45,1.099375,1.099465
2177,2023-05-09 01:15:47,1.0994,1.09949
2178,2023-05-09 01:15:52,1.099405,1.0994950000000001
2180,2023-05-09 01:15:54,1.09941,1.0995
2181,2023-05-09 01:15:55,1.09939,1.09948
2182,2023-05-09 01:15:56,1.09937,1.09946
2184,2023-05-09 01:15:59,1.09935,1.09944
2185,2023-05-09 01:16:00,1.09936,1.09945
2187,2023-05-09 01:16:02,1.09934,1.09943
2188,2023-05-09 01:16:08,1.09937,1.09946
2189,2023-05-09 01:16:21,1.09936,1.09945
2192,2023-05-09 01:16:22,1.099345,1.099435
2194,2023-05-09 01:16:26,1.09934,1.09943
2195,2023-05-09 01:16:41,1.099355,1.099445
2197,2023-05-09 01:16:43,1.09934,1.09943
2198,2023-05-09 01:16:50,1.09935,1.09944
2199,2023-05-09 01:16:51,1.09936,1.09945
2200,2023-05-09 01:16:57,1.099345,1.099435
2202,2023-05-09 01:16:59,1.099345,1.099435
2204,2023-05-09 01:17:00,1.09934,1.09943
2205,2023-05-09 01:17:03,1.09935,1.09944
2206,2023-05-09 01:17:10,1.09936,1.09945
2207,2023-05-09 01:17:14,1.09934,1.09943
2208,2023-05-09 01:17:40,1.09935,1.09944
2209,2023-05-09 01:17:43,1.09934,1.09943
2210,2023-05-09 01:17:47,1.09935,1.09944
2211,2023-05-09 01:17:57,1.09937,1.09946
2212,2023-05-09 01:17:58,1.09938,1.09947
2213,2023-05-09 01:17:59,1.09935,1.09944
2214,2023-05-09 01:18:00,1.09935,1.09944
2215,2023-05-09 01:18:01,1.09936,1.09945
2216,2023-05-09 01:18:05,1.09935,1.09944
2217,2023-05-09 01:18:06,1.09933,1.09942
2218,2023-05-09 01:18:09,1.099275,1.099365
2220,2023-05-09 01:18:10,1.09925,1.09934
2221,2023-05-09 01:18:26,1.09926,1.09935
2222,2023-05-09 01:18:36,1.09927,1.09936
2223,2023-05-09 01:18:40,1.09926,1.09935
2224,2023-05-09 01:18:49,1.09925,1.09934
2225,2023-05-09 01:18:58,1.09926,1.09935
2226,2023-05-09 01:19:00,1.0992549999999999,1.099345
2228,2023-05-09 01:19:09,1.0992549999999999,1.099345
2230,2023-05-09 01:19:10,1.09926,1.09935
2231,2023-05-09 01:19:11,1.09925,1.09934
2232,2023-05-09 01:19:14,1.09926,1.09935
2233,2023-05-09 01:19:41,1.09925,1.09934
2234,2023-05-09 01:19:43,1.09926,1.09935
2235,2023-05-09 01:19:47,1.09925,1.09934
2236,2023-05-09 01:19:48,1.0991900000000001,1.09928
2237,2023-05-09 01:19:49,1.09912,1.09921
2239,2023-05-09 01:19:52,1.099135,1.0992250000000001
2241,2023-05-09 01:20:00,1.099115,1.099205
2245,2023-05-09 01:20:01,1.0991,1.0991900000000001
2246,2023-05-09 01:20:03,1.09905,1.09914
2247,2023-05-09 01:20:04,1.09903,1.09912
2248,2023-05-09 01:20:06,1.09904,1.09913
2249,2023-05-09 01:20:11,1.0990199999999999,1.09911
2250,2023-05-09 01:20:12,1.099035,1.099125
2252,2023-05-09 01:20:15,1.09903,1.09912
2253,2023-05-09 01:20:16,1.09908,1.09917
2254,2023-05-09 01:20:20,1.099055,1.099145
2256,2023-05-09 01:20:25,1.0990099999999998,1.0991
2258,2023-05-09 01:20:26,1.09901,1.0991
2259,2023-05-09 01:20:27,1.0990199999999999,1.09911
2260,2023-05-09 01:20:30,1.09901,1.0991
2261,2023-05-09 01:20:33,1.098975,1.099065
2263,2023-05-09 01:20:34,1.09896,1.09905
2266,2023-05-09 01:20:35,1.09893,1.0990199999999999
2267,2023-05-09 01:20:43,1.09896,1.09905
2268,2023-05-09 01:20:47,1.09895,1.09904
2269,2023-05-09 01:20:49,1.09896,1.09905
2270,2023-05-09 01:20:56,1.098975,1.099065
2272,2023-05-09 01:21:00,1.0990099999999998,1.0991
2274,2023-05-09 01:21:02,1.09901,1.0991
2275,2023-05-09 01:21:04,1.0990199999999999,1.09911
2276,2023-05-09 01:21:08,1.09901,1.0991
2277,2023-05-09 01:21:10,1.098995,1.099085
2279,2023-05-09 01:21:15,1.09897,1.09906
2280,2023-05-09 01:21:17,1.09899,1.09908
2281,2023-05-09 01:21:18,1.09898,1.09907
2282,2023-05-09 01:21:19,1.09899,1.09908
2283,2023-05-09 01:21:23,1.099,1.09909
2284,2023-05-09 01:21:24,1.0990199999999999,1.09911
2285,2023-05-09 01:21:25,1.09904,1.09913
2286,2023-05-09 01:21:27,1.09903,1.09912
2287,2023-05-09 01:21:32,1.0990199999999999,1.09911
2288,2023-05-09 01:21:33,1.09903,1.09912
2289,2023-05-09 01:21:34,1.09905,1.09914
2290,2023-05-09 01:21:43,1.099035,1.099125
2292,2023-05-09 01:21:46,1.09904,1.09913
2293,2023-05-09 01:22:00,1.09904,1.09913
2294,2023-05-09 01:22:04,1.099055,1.099145
2296,2023-05-09 01:22:11,1.0991,1.0991900000000001
2297,2023-05-09 01:22:16,1.09906,1.09915
2298,2023-05-09 01:22:20,1.09909,1.09918
2299,2023-05-09 01:22:24,1.0991,1.0991900000000001
2300,2023-05-09 01:22:27,1.09912,1.09921
2301,2023-05-09 01:22:29,1.09913,1.09922
2302,2023-05-09 01:22:35,1.09914,1.09923
2303,2023-05-09 01:22:55,1.09913,1.09922
2304,2023-05-09 01:22:58,1.09911,1.0992000000000002
2306,2023-05-09 01:23:01,1.0991,1.0991900000000001
2307,2023-05-09 01:23:02,1.09909,1.09918
2308,2023-05-09 01:23:06,1.09908,1.09917
2309,2023-05-09 01:23:07,1.09909,1.09918
2310,2023-05-09 01:23:09,1.0991,1.0991900000000001
2311,2023-05-09 01:23:16,1.09912,1.09921
2313,2023-05-09 01:23:19,1.09918,1.09927
2314,2023-05-09 01:23:21,1.09916,1.09925
2315,2023-05-09 01:23:32,1.09915,1.09924
2316,2023-05-09 01:23:41,1.09914,1.09923
2317,2023-05-09 01:23:49,1.09913,1.09922
2318,2023-05-09 01:24:00,1.09913,1.09922
2319,2023-05-09 01:24:07,1.09914,1.09923
2320,2023-05-09 01:24:10,1.09915,1.09924
2321,2023-05-09 01:24:11,1.09914,1.09923
2322,2023-05-09 01:24:18,1.09915,1.09924
2323,2023-05-09 01:24:22,1.09916,1.09925
2324,2023-05-09 01:24:25,1.09915,1.09924
2325,2023-05-09 01:24:34,1.09918,1.09927
2326,2023-05-09 01:24:35,1.0991900000000001,1.09928
2327,2023-05-09 01:24:36,1.09918,1.09927
2328,2023-05-09 01:24:37,1.0991900000000001,1.09928
2329,2023-05-09 01:24:38,1.09918,1.09927
2330,2023-05-09 01:24:41,1.09914,1.09923
2331,2023-05-09 01:24:45,1.0991149999999998,1.099205
2333,2023-05-09 01:24:46,1.09909,1.09918
2334,2023-05-09 01:24:48,1.09908,1.09917
2335,2023-05-09 01:24:49,1.09911,1.0992
2336,2023-05-09 01:24:53,1.0991,1.0991900000000001
2337,2023-05-09 01:25:00,1.0991149999999998,1.099205
2339,2023-05-09 01:25:08,1.09916,1.09925
2341,2023-05-09 01:25:15,1.0992250000000001,1.0993149999999998
2343,2023-05-09 01:25:19,1.0992250000000001,1.099315
2345,2023-05-09 01:25:20,1.09923,1.09932
2346,2023-05-09 01:25:23,1.09922,1.09931
2347,2023-05-09 01:25:27,1.09923,1.09932
2348,2023-05-09 01:25:29,1.09924,1.09933
2349,2023-05-09 01:25:42,1.09923,1.09932
2350,2023-05-09 01:25:50,1.09926,1.09935
2351,2023-05-09 01:25:52,1.09928,1.09937
2352,2023-05-09 01:25:54,1.09927,1.09936
2353,2023-05-09 01:25:58,1.09925,1.09934
2354,2023-05-09 01:25:59,1.09926,1.09935
2355,2023-05-09 01:26:00,1.09926,1.09935
2356,2023-05-09 01:26:01,1.09927,1.09936
2357,2023-05-09 01:26:03,1.09926,1.09935
2358,2023-05-09 01:26:17,1.09925,1.09934
2359,2023-05-09 01:26:21,1.0992,1.09929
2360,2023-05-09 01:26:32,1.0991900000000001,1.09928
2361,2023-05-09 01:26:52,1.0992,1.09929
2362,2023-05-09 01:26:53,1.09921,1.0993
2365,2023-05-09 01:27:00,1.09922,1.09931
2366,2023-05-09 01:27:07,1.09923,1.09932
2367,2023-05-09 01:27:15,1.09922,1.09931
2368,2023-05-09 01:27:22,1.09921,1.0993
2369,2023-05-09 01:27:24,1.0992,1.09929
2370,2023-05-09 01:27:33,1.0991900000000001,1.09928
2371,2023-05-09 01:27:43,1.0992,1.09929
2372,2023-05-09 01:27:44,1.0992199999999999,1.09931
2374,2023-05-09 01:27:47,1.09921,1.0993
2375,2023-05-09 01:27:48,1.09922,1.09931
2376,2023-05-09 01:28:00,1.09922,1.09931
2377,2023-05-09 01:28:07,1.09923,1.09932
2378,2023-05-09 01:28:12,1.09922,1.09931
2379,2023-05-09 01:28:13,1.09924,1.0993300000000001
2381,2023-05-09 01:28:15,1.09926,1.09935
2382,2023-05-09 01:28:17,1.09924,1.0993300000000001
2384,2023-05-09 01:28:27,1.0992700000000002,1.09936
2386,2023-05-09 01:28:30,1.09928,1.09937
2387,2023-05-09 01:28:33,1.099265,1.099355
2389,2023-05-09 01:28:35,1.09926,1.09935
2390,2023-05-09 01:28:36,1.09925,1.09934
2391,2023-05-09 01:28:45,1.09924,1.09933
2392,2023-05-09 01:28:50,1.09925,1.09934
2393,2023-05-09 01:28:55,1.09924,1.09933
2394,2023-05-09 01:29:01,1.09924,1.09933
2395,2023-05-09 01:29:13,1.0992250000000001,1.099315
2397,2023-05-09 01:29:23,1.09925,1.09934
2400,2023-05-09 01:29:25,1.09929,1.09938
2401,2023-05-09 01:29:28,1.09928,1.09937
2402,2023-05-09 01:29:30,1.09929,1.09938
2403,2023-05-09 01:29:47,1.0992549999999999,1.099345
2405,2023-05-09 01:29:50,1.09926,1.09935
2406,2023-05-09 01:29:51,1.09925,1.09934
2407,2023-05-09 01:29:54,1.09924,1.09933
2410,2023-05-09 01:29:57,1.09921,1.0993
2412,2023-05-09 01:30:01,1.0992199999999999,1.09931
2416,2023-05-09 01:30:04,1.099235,1.0993249999999999
2418,2023-05-09 01:30:05,1.09925,1.09934
2419,2023-05-09 01:30:08,1.0992950000000001,1.099385
2421,2023-05-09 01:30:14,1.09931,1.0994
2422,2023-05-09 01:30:15,1.0993,1.09939
2423,2023-05-09 01:30:20,1.09931,1.0994
2424,2023-05-09 01:30:22,1.0993,1.09939
2425,2023-05-09 01:30:26,1.09931,1.0994
2426,2023-05-09 01:30:30,1.0993,1.09939
2427,2023-05-09 01:30:46,1.09933,1.09942
2428,2023-05-09 01:30:47,1.09934,1.09943
2431,2023-05-09 01:30:48,1.09931,1.0994
2432,2023-05-09 01:30:49,1.0993,1.09939
2433,2023-05-09 01:30:56,1.099335,1.099425
2435,2023-05-09 01:30:57,1.09935,1.09944
2436,2023-05-09 01:30:59,1.09934,1.09943
2437,2023-05-09 01:31:00,1.09934,1.09943
2438,2023-05-09 01:31:01,1.09935,1.09944
2439,2023-05-09 01:31:06,1.09938,1.09947
2442,2023-05-09 01:31:11,1.09936,1.09945
2443,2023-05-09 01:31:13,1.09937,1.09946
2444,2023-05-09 01:31:16,1.09935,1.09944
2447,2023-05-09 01:31:17,1.09936,1.09945
2448,2023-05-09 01:31:18,1.09935,1.09944
2449,2023-05-09 01:31:22,1.09934,1.09943
2450,2023-05-09 01:31:29,1.09935,1.09944
2451,2023-05-09 01:31:32,1.09934,1.09943
2452,2023-05-09 01:31:38,1.09933,1.09942
2453,2023-05-09 01:31:39,1.09934,1.09943
2454,2023-05-09 01:31:40,1.09933,1.09942
2455,2023-05-09 01:31:46,1.09934,1.09943
2456,2023-05-09 01:31:48,1.09933,1.09942
2457,2023-05-09 01:31:53,1.09931,1.0994
2458,2023-05-09 01:31:55,1.0993,1.09939
2461,2023-05-09 01:31:59,1.09934,1.09943
2462,2023-05-09 01:32:00,1.09933,1.09942
2463,2023-05-09 01:32:01,1.09934,1.09943
2464,2023-05-09 01:32:02,1.09935,1.09944
2465,2023-05-09 01:32:03,1.09934,1.09943
2466,2023-05-09 01:32:06,1.09935,1.09944
2467,2023-05-09 01:32:11,1.09934,1.09943
2468,2023-05-09 01:32:15,1.09933,1.09942
2469,2023-05-09 01:32:16,1.09932,1.09941
2470,2023-05-09 01:32:20,1.09933,1.09942
2471,2023-05-09 01:32:21,1.09932,1.09941
2472,2023-05-09 01:32:24,1.09933,1.09942
2473,2023-05-09 01:32:26,1.09929,1.09938
2474,2023-05-09 01:32:27,1.0993,1.09939
2475,2023-05-09 01:32:33,1.099275,1.099365
2477,2023-05-09 01:32:42,1.0992600000000001,1.0993499999999998
2479,2023-05-09 01:33:00,1.09925,1.09934
2480,2023-05-09 01:33:12,1.09924,1.09933
2481,2023-05-09 01:33:19,1.09925,1.09934
2482,2023-05-09 01:33:20,1.09924,1.09933
2483,2023-05-09 01:33:24,1.099235,1.0993249999999999
2485,2023-05-09 01:33:25,1.09923,1.09932
2486,2023-05-09 01:33:30,1.09922,1.09931
2487,2023-05-09 01:33:36,1.09921,1.0993
2488,2023-05-09 01:33:43,1.0992,1.09929
2489,2023-05-09 01:33:44,1.09921,1.0993
2490,2023-05-09 01:33:48,1.0992,1.09929
2491,2023-05-09 01:34:01,1.0992,1.09929
2492,2023-05-09 01:34:15,1.0992250000000001,1.099315
2494,2023-05-09 01:34:20,1.09922,1.09931
2495,2023-05-09 01:34:21,1.09923,1.09932
2496,2023-05-09 01:34:23,1.09922,1.09931
2497,2023-05-09 01:34:24,1.09923,1.09932
2498,2023-05-09 01:34:27,1.09922,1.09931
2499,2023-05-09 01:34:28,1.09921,1.0993
2500,2023-05-09 01:34:33,1.099215,1.099305
2502,2023-05-09 01:34:37,1.0991900000000001,1.09928
2503,2023-05-09 01:34:41,1.099155,1.099245
2505,2023-05-09 01:34:42,1.09915,1.09924
2506,2023-05-09 01:34:43,1.09917,1.09926
2507,2023-05-09 01:34:49,1.099145,1.099235
2509,2023-05-09 01:34:52,1.09914,1.09923
2510,2023-05-09 01:34:53,1.099165,1.0992549999999999
2514,2023-05-09 01:34:55,1.09916,1.09925
2515,2023-05-09 01:34:56,1.09917,1.09926
2516,2023-05-09 01:34:57,1.09916,1.09925
2517,2023-05-09 01:34:58,1.09917,1.09926
2518,2023-05-09 01:35:00,1.099185,1.099275
2520,2023-05-09 01:35:01,1.09916,1.09925
2523,2023-05-09 01:35:03,1.099135,1.0992250000000001
2525,2023-05-09 01:35:10,1.09914,1.09923
2526,2023-05-09 01:35:11,1.09915,1.09924
2527,2023-05-09 01:35:16,1.09914,1.09923
2528,2023-05-09 01:35:23,1.09915,1.09924
2529,2023-05-09 01:35:26,1.09914,1.09923
2530,2023-05-09 01:35:27,1.09915,1.09924
2531,2023-05-09 01:35:28,1.09914,1.09923
2532,2023-05-09 01:35:32,1.09915,1.09924
2533,2023-05-09 01:35:34,1.099185,1.099275
2535,2023-05-09 01:35:35,1.0992,1.09929
2536,2023-05-09 01:35:46,1.099175,1.099265
2538,2023-05-09 01:35:48,1.09917,1.09926
2539,2023-05-09 01:35:53,1.099185,1.099275
2541,2023-05-09 01:36:00,1.0992,1.09929
2542,2023-05-09 01:36:06,1.0991900000000001,1.09928
2543,2023-05-09 01:36:10,1.099195,1.099285
2545,2023-05-09 01:36:11,1.099195,1.099285
2547,2023-05-09 01:36:21,1.09918,1.09927
2548,2023-05-09 01:36:22,1.09915,1.09924
2549,2023-05-09 01:36:26,1.09913,1.09922
2550,2023-05-09 01:36:27,1.09914,1.09923
2551,2023-05-09 01:36:37,1.09915,1.09924
2552,2023-05-09 01:36:42,1.099115,1.099205
2554,2023-05-09 01:36:43,1.0991,1.0991900000000001
2555,2023-05-09 01:36:44,1.09909,1.09918
2556,2023-05-09 01:36:46,1.099095,1.099185
2558,2023-05-09 01:37:00,1.09909,1.09918
2559,2023-05-09 01:37:01,1.0991,1.0991900000000001
2560,2023-05-09 01:37:02,1.09909,1.09918
2561,2023-05-09 01:37:09,1.0991,1.0991900000000001
2562,2023-05-09 01:37:13,1.0990799999999998,1.09917
2564,2023-05-09 01:37:18,1.09906,1.09915
2565,2023-05-09 01:37:22,1.09907,1.09916
2566,2023-05-09 01:37:25,1.09908,1.09917
2567,2023-05-09 01:37:38,1.099075,1.099165
2569,2023-05-09 01:37:46,1.099105,1.099195
2571,2023-05-09 01:37:47,1.099135,1.0992250000000001
2573,2023-05-09 01:37:50,1.099145,1.099235
2575,2023-05-09 01:37:51,1.09915,1.09924
2576,2023-05-09 01:37:55,1.099145,1.099235
2578,2023-05-09 01:37:58,1.09917,1.0992600000000001
2580,2023-05-09 01:38:00,1.09918,1.09927
2581,2023-05-09 01:38:01,1.09916,1.09925
2582,2023-05-09 01:38:04,1.09915,1.09924
2583,2023-05-09 01:38:08,1.09914,1.09923
2584,2023-05-09 01:38:09,1.099165,1.0992549999999999
2586,2023-05-09 01:38:10,1.09918,1.09927
2587,2023-05-09 01:38:15,1.0991900000000001,1.09928
2588,2023-05-09 01:38:20,1.099195,1.099285
2590,2023-05-09 01:38:21,1.0992,1.09929
2591,2023-05-09 01:38:23,1.0991900000000001,1.09928
2592,2023-05-09 01:38:24,1.0992,1.09929
2593,2023-05-09 01:38:32,1.0991900000000001,1.09928
2594,2023-05-09 01:38:34,1.0992,1.09929
2595,2023-05-09 01:38:38,1.09916,1.09925
2596,2023-05-09 01:38:39,1.09917,1.09926
2597,2023-05-09 01:38:40,1.099155,1.099245
2599,2023-05-09 01:38:43,1.099145,1.099235
2601,2023-05-09 01:38:45,1.09915,1.09924
2602,2023-05-09 01:38:49,1.09914,1.09923
2603,2023-05-09 01:38:51,1.09915,1.09924
2604,2023-05-09 01:38:57,1.09917,1.09926
2605,2023-05-09 01:38:58,1.09918,1.09927
2606,2023-05-09 01:39:00,1.099185,1.099275
2608,2023-05-09 01:39:10,1.099165,1.0992549999999999
2610,2023-05-09 01:39:11,1.09917,1.09926
2611,2023-05-09 01:39:12,1.09916,1.09925
2612,2023-05-09 01:39:15,1.09915,1.09924
2613,2023-05-09 01:39:21,1.09914,1.09923
2614,2023-05-09 01:39:22,1.09913,1.09922
2615,2023-05-09 01:39:23,1.09912,1.09921
2616,2023-05-09 01:39:28,1.099105,1.099195
2618,2023-05-09 01:39:33,1.09909,1.09918
2619,2023-05-09 01:39:36,1.0991,1.0991900000000001
2620,2023-05-09 01:39:41,1.09909,1.09918
2621,2023-05-09 01:39:43,1.09903,1.09912
2622,2023-05-09 01:39:48,1.09901,1.0991
2623,2023-05-09 01:39:50,1.09899,1.09908
2624,2023-05-09 01:39:53,1.09898,1.09907
2625,2023-05-09 01:40:00,1.09897,1.09906
2626,2023-05-09 01:40:01,1.09898,1.09907
2627,2023-05-09 01:40:04,1.098965,1.099055
2629,2023-05-09 01:40:10,1.09895,1.09904
2630,2023-05-09 01:40:13,1.09894,1.09903
2631,2023-05-09 01:40:14,1.09895,1.09904
2632,2023-05-09 01:40:16,1.098945,1.099035
2634,2023-05-09 01:40:19,1.09894,1.09903
2635,2023-05-09 01:40:22,1.09895,1.09904
2638,2023-05-09 01:40:24,1.0989550000000001,1.099045
2640,2023-05-09 01:40:25,1.09895,1.09904
2641,2023-05-09 01:40:28,1.09896,1.09905
2642,2023-05-09 01:40:30,1.09897,1.09906
2643,2023-05-09 01:40:34,1.09898,1.09907
2644,2023-05-09 01:40:35,1.09897,1.09906
2645,2023-05-09 01:40:52,1.09896,1.09905
2646,2023-05-09 01:40:59,1.09894,1.09903
2649,2023-05-09 01:41:00,1.09895,1.09904
2652,2023-05-09 01:41:02,1.09899,1.09908
2653,2023-05-09 01:41:11,1.09898,1.09907
2654,2023-05-09 01:41:12,1.09896,1.09905
2655,2023-05-09 01:41:13,1.09893,1.0990199999999999
2656,2023-05-09 01:41:14,1.09892,1.09901
2657,2023-05-09 01:41:15,1.09893,1.0990199999999999
2658,2023-05-09 01:41:21,1.09894,1.09903
2659,2023-05-09 01:41:27,1.09893,1.0990199999999999
2660,2023-05-09 01:41:30,1.09896,1.09905
2661,2023-05-09 01:41:42,1.09893,1.0990199999999999
2662,2023-05-09 01:41:47,1.09892,1.09901
2663,2023-05-09 01:41:50,1.09891,1.099
2664,2023-05-09 01:41:51,1.0988850000000001,1.098975
2666,2023-05-09 01:41:52,1.098875,1.098965
2668,2023-05-09 01:41:58,1.09887,1.09896
2669,2023-05-09 01:42:00,1.09887,1.09896
2670,2023-05-09 01:42:01,1.098835,1.098925
2672,2023-05-09 01:42:02,1.09884,1.09893
2673,2023-05-09 01:42:04,1.09887,1.09896
2674,2023-05-09 01:42:08,1.09888,1.09897
2675,2023-05-09 01:42:11,1.0989,1.09899
2678,2023-05-09 01:42:12,1.09888,1.09897
2679,2023-05-09 01:42:16,1.09887,1.09896
2680,2023-05-09 01:42:20,1.09889,1.09898
2681,2023-05-09 01:42:21,1.09888,1.09897
2682,2023-05-09 01:42:23,1.098855,1.098945
2684,2023-05-09 01:42:26,1.09884,1.09893
2685,2023-05-09 01:42:34,1.09885,1.09894
2686,2023-05-09 01:42:35,1.09886,1.09895
2687,2023-05-09 01:42:47,1.09887,1.09896
2688,2023-05-09 01:42:48,1.09886,1.09895
2689,2023-05-09 01:42:52,1.09887,1.09896
2690,2023-05-09 01:43:00,1.09887,1.09896
2691,2023-05-09 01:43:01,1.09885,1.09894
2692,2023-05-09 01:43:05,1.098835,1.098925
2694,2023-05-09 01:43:12,1.09882,1.09891
2695,2023-05-09 01:43:14,1.09883,1.09892
2696,2023-05-09 01:43:23,1.09881,1.0989
2697,2023-05-09 01:43:24,1.0988,1.09889
2698,2023-05-09 01:43:27,1.09881,1.0989
2699,2023-05-09 01:43:28,1.09885,1.0989399999999998
2701,2023-05-09 01:43:30,1.09886,1.09895
2702,2023-05-09 01:43:31,1.09885,1.09894
2703,2023-05-09 01:43:34,1.09886,1.09895
2704,2023-05-09 01:43:35,1.09885,1.09894
2705,2023-05-09 01:43:36,1.09886,1.09895
2706,2023-05-09 01:43:40,1.09883,1.09892
2707,2023-05-09 01:43:42,1.09884,1.09893
2708,2023-05-09 01:43:44,1.09882,1.09891
2709,2023-05-09 01:43:45,1.09883,1.09892
2710,2023-05-09 01:43:47,1.09882,1.09891
2711,2023-05-09 01:43:51,1.09884,1.09893
2713,2023-05-09 01:43:54,1.098845,1.098935
2715,2023-05-09 01:43:58,1.09887,1.09896
2716,2023-05-09 01:44:01,1.09887,1.09896
2717,2023-05-09 01:44:04,1.09888,1.09897
2718,2023-05-09 01:44:28,1.0989,1.09899
2719,2023-05-09 01:44:29,1.0988850000000001,1.098975
2721,2023-05-09 01:44:43,1.09887,1.09896
2722,2023-05-09 01:44:46,1.09888,1.09897
2723,2023-05-09 01:44:51,1.09887,1.09896
2724,2023-05-09 01:44:59,1.09888,1.09897
2725,2023-05-09 01:45:00,1.09888,1.09897
2726,2023-05-09 01:45:13,1.09887,1.09896
2727,2023-05-09 01:45:21,1.09888,1.09897
2728,2023-05-09 01:45:29,1.098835,1.098925
2730,2023-05-09 01:45:32,1.09884,1.09893
2731,2023-05-09 01:45:33,1.098865,1.0989550000000001
2733,2023-05-09 01:45:36,1.09884,1.09893
2735,2023-05-09 01:45:45,1.09885,1.09894
2736,2023-05-09 01:45:49,1.098865,1.0989550000000001
2738,2023-05-09 01:45:53,1.09888,1.09897
2739,2023-05-09 01:46:00,1.09886,1.09895
2742,2023-05-09 01:46:06,1.09884,1.09893
2743,2023-05-09 01:46:11,1.09883,1.09892
2744,2023-05-09 01:46:17,1.09884,1.09893
2745,2023-05-09 01:46:20,1.09886,1.09895
2746,2023-05-09 01:46:26,1.09885,1.09894
2747,2023-05-09 01:46:27,1.09884,1.09893
2748,2023-05-09 01:46:29,1.098825,1.0989149999999999
2750,2023-05-09 01:46:43,1.098835,1.098925
2752,2023-05-09 01:46:44,1.09883,1.09892
2753,2023-05-09 01:46:46,1.09884,1.09893
2754,2023-05-09 01:46:47,1.09883,1.09892
2755,2023-05-09 01:46:49,1.09884,1.09893
2756,2023-05-09 01:46:50,1.09887,1.09896
2758,2023-05-09 01:46:51,1.0988600000000002,1.0989499999999999
2760,2023-05-09 01:46:58,1.09887,1.09896
2761,2023-05-09 01:47:00,1.09887,1.09896
2762,2023-05-09 01:47:01,1.09886,1.09895
2763,2023-05-09 01:47:09,1.09884,1.09893
2764,2023-05-09 01:47:15,1.09884,1.09893
2766,2023-05-09 01:47:25,1.09884,1.09893
2767,2023-05-09 01:47:27,1.09881,1.0989
2770,2023-05-09 01:47:30,1.098785,1.098875
2772,2023-05-09 01:47:51,1.09877,1.09886
2773,2023-05-09 01:47:59,1.09876,1.09885
2774,2023-05-09 01:48:00,1.09876,1.09885
2775,2023-05-09 01:48:01,1.09875,1.09884
2776,2023-05-09 01:48:12,1.09874,1.09883
2777,2023-05-09 01:48:15,1.09875,1.09884
2778,2023-05-09 01:48:20,1.09874,1.09883
2779,2023-05-09 01:48:30,1.09876,1.09885
2780,2023-05-09 01:48:31,1.09875,1.09884
2781,2023-05-09 01:48:38,1.09874,1.09883
2782,2023-05-09 01:49:00,1.09874,1.09883
2783,2023-05-09 01:49:13,1.09873,1.09882
2784,2023-05-09 01:49:18,1.09871,1.0988
2785,2023-05-09 01:49:19,1.09867,1.09876
2786,2023-05-09 01:49:21,1.09869,1.09878
2789,2023-05-09 01:49:22,1.09868,1.09877
2790,2023-05-09 01:49:23,1.09869,1.09878
2793,2023-05-09 01:49:25,1.09868,1.09877
2794,2023-05-09 01:49:33,1.09869,1.09878
2795,2023-05-09 01:49:35,1.09868,1.09877
2796,2023-05-09 01:49:36,1.09869,1.09878
2800,2023-05-09 01:49:37,1.0987149999999999,1.098805
2802,2023-05-09 01:49:39,1.09873,1.09882
2803,2023-05-09 01:49:48,1.09874,1.09883
2804,2023-05-09 01:49:55,1.09872,1.09881
2805,2023-05-09 01:49:58,1.09877,1.09886
2806,2023-05-09 01:50:00,1.09877,1.09886
2807,2023-05-09 01:50:19,1.09879,1.09888
2810,2023-05-09 01:50:27,1.09875,1.09884
2811,2023-05-09 01:50:28,1.09874,1.09883
2812,2023-05-09 01:50:31,1.09875,1.09884
2813,2023-05-09 01:50:32,1.0988,1.09889
2814,2023-05-09 01:50:39,1.09879,1.09888
2815,2023-05-09 01:50:48,1.0988,1.09889
2816,2023-05-09 01:50:52,1.09883,1.09892
2817,2023-05-09 01:50:53,1.09887,1.09896
2819,2023-05-09 01:50:54,1.0988850000000001,1.098975
2821,2023-05-09 01:51:00,1.09888,1.09897
2822,2023-05-09 01:51:02,1.09884,1.09893
2823,2023-05-09 01:51:03,1.09888,1.09897
2824,2023-05-09 01:51:10,1.09887,1.09896
2825,2023-05-09 01:51:11,1.09888,1.09897
2826,2023-05-09 01:51:12,1.098855,1.098945
2828,2023-05-09 01:51:17,1.0989,1.09899
2830,2023-05-09 01:51:18,1.09894,1.09903
2831,2023-05-09 01:51:19,1.09893,1.0990199999999999
2832,2023-05-09 01:52:00,1.09893,1.0990199999999999
2833,2023-05-09 01:52:06,1.09894,1.09903
2834,2023-05-09 01:52:11,1.09893,1.0990199999999999
2835,2023-05-09 01:52:50,1.09894,1.09903
2836,2023-05-09 01:52:53,1.09893,1.0990199999999999
2837,2023-05-09 01:53:00,1.098925,1.099015
2839,2023-05-09 01:53:13,1.098935,1.099025
2841,2023-05-09 01:53:19,1.09892,1.09901
2842,2023-05-09 01:53:26,1.09887,1.09896
2843,2023-05-09 01:53:30,1.098835,1.098925
2845,2023-05-09 01:53:33,1.09884,1.09893
2846,2023-05-09 01:53:35,1.09883,1.09892
2847,2023-05-09 01:53:36,1.09884,1.09893
2848,2023-05-09 01:53:41,1.09886,1.09895
2849,2023-05-09 01:53:43,1.09887,1.09896
2850,2023-05-09 01:53:47,1.098865,1.0989550000000001
2852,2023-05-09 01:53:48,1.09888,1.09897
2853,2023-05-09 01:53:50,1.0989,1.09899
2854,2023-05-09 01:53:54,1.098895,1.0989849999999999
2856,2023-05-09 01:53:56,1.09888,1.09897
2857,2023-05-09 01:54:00,1.09888,1.09897
2858,2023-05-09 01:54:03,1.09891,1.099
2862,2023-05-09 01:54:04,1.09895,1.09904
2863,2023-05-09 01:54:05,1.09894,1.09903
2867,2023-05-09 01:54:06,1.098945,1.099035
2869,2023-05-09 01:54:16,1.09893,1.0990199999999999
2870,2023-05-09 01:54:19,1.09894,1.09903
2871,2023-05-09 01:54:23,1.09893,1.0990199999999999
2872,2023-05-09 01:54:25,1.09894,1.09903
2873,2023-05-09 01:54:26,1.09893,1.0990199999999999
2874,2023-05-09 01:54:29,1.09892,1.09901
2875,2023-05-09 01:54:32,1.098895,1.0989849999999999
2877,2023-05-09 01:54:33,1.09888,1.09897
2878,2023-05-09 01:54:35,1.09885,1.09894
2881,2023-05-09 01:54:36,1.09883,1.09892
2882,2023-05-09 01:54:42,1.098845,1.098935
2884,2023-05-09 01:54:48,1.09882,1.09891
2885,2023-05-09 01:54:50,1.098775,1.098865
2887,2023-05-09 01:54:54,1.098735,1.098825
2889,2023-05-09 01:54:58,1.09874,1.09883
2890,2023-05-09 01:54:59,1.09878,1.09887
2892,2023-05-09 01:55:00,1.098785,1.098875
2894,2023-05-09 01:55:10,1.098815,1.098905
2896,2023-05-09 01:55:27,1.0988,1.09889
2897,2023-05-09 01:55:28,1.09879,1.09888
2898,2023-05-09 01:55:40,1.09878,1.09887
2899,2023-05-09 01:55:42,1.098765,1.098855
2901,2023-05-09 01:55:44,1.09877,1.0988600000000002
2903,2023-05-09 01:55:50,1.09881,1.0989
2904,2023-05-09 01:55:51,1.0988,1.09889
2905,2023-05-09 01:55:52,1.09879,1.09888
2906,2023-05-09 01:55:56,1.0988,1.09889
2907,2023-05-09 01:55:57,1.09879,1.09888
2908,2023-05-09 01:55:59,1.098815,1.098905
2910,2023-05-09 01:56:00,1.09883,1.09892
2913,2023-05-09 01:56:01,1.09885,1.09894
2914,2023-05-09 01:56:02,1.09884,1.09893
2915,2023-05-09 01:56:06,1.09885,1.09894
2916,2023-05-09 01:56:11,1.09886,1.09895
2917,2023-05-09 01:56:15,1.09884,1.09893
2918,2023-05-09 01:56:16,1.09883,1.09892
2919,2023-05-09 01:56:20,1.09882,1.09891
2920,2023-05-09 01:56:23,1.098825,1.0989149999999999
2922,2023-05-09 01:56:24,1.09883,1.09892
2923,2023-05-09 01:56:44,1.098825,1.0989149999999999
2925,2023-05-09 01:56:50,1.09884,1.09893
2926,2023-05-09 01:56:51,1.09887,1.09896
2927,2023-05-09 01:57:00,1.09887,1.09896
2928,2023-05-09 01:57:05,1.09886,1.09895
2929,2023-05-09 01:57:08,1.09884,1.09893
2930,2023-05-09 01:57:14,1.0988600000000002,1.0989499999999999
2932,2023-05-09 01:57:16,1.098855,1.098945
2934,2023-05-09 01:57:17,1.09884,1.09893
2935,2023-05-09 01:57:18,1.09881,1.0989
2936,2023-05-09 01:57:22,1.09879,1.09888
2937,2023-05-09 01:57:35,1.09878,1.09887
2938,2023-05-09 01:57:55,1.098785,1.098875
2940,2023-05-09 01:57:56,1.09879,1.09888
2941,2023-05-09 01:57:58,1.098785,1.098875
2943,2023-05-09 01:58:00,1.09879,1.09888
2944,2023-05-09 01:58:01,1.0988,1.09889
2945,2023-05-09 01:58:03,1.09879,1.09888
2946,2023-05-09 01:58:06,1.09878,1.09887
2947,2023-05-09 01:58:19,1.09879,1.09888
2948,2023-05-09 01:58:27,1.09878,1.09887
2949,2023-05-09 01:58:50,1.09879,1.09888
2950,2023-05-09 01:58:54,1.09881,1.0989
2951,2023-05-09 01:59:00,1.098815,1.098905
2953,2023-05-09 01:59:01,1.09881,1.0989
2954,2023-05-09 01:59:04,1.0988,1.09889
2955,2023-05-09 01:59:05,1.09879,1.09888
2956,2023-05-09 01:59:09,1.0988,1.09889
2957,2023-05-09 01:59:10,1.09879,1.09888
2958,2023-05-09 01:59:24,1.09878,1.09887
2959,2023-05-09 01:59:25,1.098785,1.098875
2961,2023-05-09 01:59:27,1.098785,1.098875
2963,2023-05-09 01:59:28,1.09879,1.09888
2964,2023-05-09 01:59:37,1.098795,1.0988850000000001
2966,2023-05-09 01:59:38,1.09878,1.09887
2967,2023-05-09 01:59:39,1.09879,1.09888
2968,2023-05-09 01:59:42,1.09881,1.0989
2969,2023-05-09 01:59:43,1.098785,1.098875
2971,2023-05-09 01:59:45,1.09873,1.09882
2972,2023-05-09 01:59:56,1.09872,1.09881
2973,2023-05-09 02:00:00,1.09873,1.09882
2974,2023-05-09 02:00:02,1.09875,1.09884
2975,2023-05-09 02:00:03,1.09874,1.09883
2976,2023-05-09 02:00:04,1.09873,1.09882
2977,2023-05-09 02:00:06,1.09872,1.09881
2978,2023-05-09 02:00:07,1.09877,1.09886
2981,2023-05-09 02:00:08,1.09874,1.09883
2984,2023-05-09 02:00:09,1.09873,1.09882
2985,2023-05-09 02:00:26,1.098765,1.098855
2987,2023-05-09 02:00:29,1.09877,1.09886
2988,2023-05-09 02:00:36,1.09876,1.09885
2989,2023-05-09 02:00:37,1.09877,1.09886
2990,2023-05-09 02:00:45,1.09879,1.09888
2991,2023-05-09 02:00:47,1.09878,1.09887
2992,2023-05-09 02:01:00,1.098785,1.098875
2994,2023-05-09 02:01:04,1.09885,1.09894
2995,2023-05-09 02:01:05,1.09888,1.09897
2996,2023-05-09 02:01:06,1.09887,1.09896
2997,2023-05-09 02:01:07,1.098845,1.098935
3001,2023-05-09 02:01:11,1.09881,1.0989
3002,2023-05-09 02:01:12,1.0988,1.09889
3003,2023-05-09 02:01:17,1.09878,1.09887
3004,2023-05-09 02:01:42,1.09879,1.09888
3005,2023-05-09 02:01:45,1.09878,1.09887
3006,2023-05-09 02:01:53,1.09877,1.09886
3007,2023-05-09 02:01:54,1.09873,1.09882
3008,2023-05-09 02:01:56,1.098745,1.098835
3010,2023-05-09 02:01:57,1.098765,1.098855
3012,2023-05-09 02:01:58,1.09878,1.09887
3015,2023-05-09 02:01:59,1.098785,1.098875
3017,2023-05-09 02:02:00,1.09878,1.09887
3018,2023-05-09 02:02:01,1.09879,1.09888
3019,2023-05-09 02:02:11,1.0988,1.09889
3020,2023-05-09 02:02:17,1.09879,1.09888
3021,2023-05-09 02:02:20,1.0988,1.09889
3022,2023-05-09 02:02:22,1.09879,1.09888
3023,2023-05-09 02:02:30,1.09878,1.09887
3026,2023-05-09 02:02:32,1.09879,1.09888
3027,2023-05-09 02:02:34,1.09878,1.09887
3028,2023-05-09 02:02:36,1.09879,1.09888
3029,2023-05-09 02:02:52,1.098815,1.098905
3031,2023-05-09 02:02:59,1.09881,1.0989
3032,2023-05-09 02:03:00,1.09878,1.09887
3034,2023-05-09 02:03:01,1.09878,1.09887
3035,2023-05-09 02:03:04,1.09879,1.09888
3036,2023-05-09 02:03:05,1.09878,1.09887
3037,2023-05-09 02:03:06,1.09877,1.09886
3038,2023-05-09 02:03:07,1.09878,1.09887
3039,2023-05-09 02:03:17,1.09877,1.09886
3040,2023-05-09 02:03:18,1.09878,1.09887
3041,2023-05-09 02:03:27,1.09879,1.09888
3042,2023-05-09 02:03:31,1.0988,1.09889
3043,2023-05-09 02:03:32,1.09879,1.09888
3044,2023-05-09 02:03:40,1.0988099999999998,1.0989
3046,2023-05-09 02:03:48,1.0988,1.09889
3047,2023-05-09 02:03:53,1.09879,1.09888
3048,2023-05-09 02:03:54,1.09877,1.09886
3049,2023-05-09 02:04:00,1.09877,1.09886
3050,2023-05-09 02:04:06,1.09876,1.09885
3051,2023-05-09 02:04:11,1.09877,1.09886
3052,2023-05-09 02:04:12,1.09876,1.09885
3053,2023-05-09 02:04:13,1.09872,1.09881
3054,2023-05-09 02:04:17,1.09882,1.09891
3055,2023-05-09 02:04:25,1.09881,1.0989
3056,2023-05-09 02:04:26,1.09882,1.09891
3057,2023-05-09 02:04:28,1.09881,1.0989
3058,2023-05-09 02:04:41,1.09883,1.09892
3059,2023-05-09 02:04:44,1.09882,1.09891
3060,2023-05-09 02:05:00,1.09882,1.09891
3061,2023-05-09 02:05:09,1.09884,1.09893
3062,2023-05-09 02:05:19,1.09883,1.09892
3063,2023-05-09 02:05:24,1.09884,1.09893
3064,2023-05-09 02:05:31,1.09882,1.09891
3065,2023-05-09 02:05:39,1.09881,1.0989
3066,2023-05-09 02:05:47,1.09874,1.09883
3069,2023-05-09 02:05:51,1.09872,1.09881
3070,2023-05-09 02:05:55,1.09871,1.0988
3071,2023-05-09 02:05:58,1.09872,1.09881
3072,2023-05-09 02:06:00,1.0987149999999999,1.098805
3074,2023-05-09 02:06:15,1.09872,1.09881
3075,2023-05-09 02:06:19,1.09871,1.0988
3076,2023-05-09 02:06:22,1.0987,1.09879
3077,2023-05-09 02:06:38,1.09867,1.09876
3078,2023-05-09 02:06:40,1.09866,1.09875
3079,2023-05-09 02:06:42,1.098665,1.098755
3081,2023-05-09 02:06:50,1.09865,1.09874
3084,2023-05-09 02:06:57,1.09866,1.09875
3085,2023-05-09 02:07:00,1.09866,1.09875
3086,2023-05-09 02:07:08,1.09865,1.09874
3087,2023-05-09 02:07:18,1.09866,1.09875
3088,2023-05-09 02:07:21,1.09867,1.09876
3089,2023-05-09 02:07:26,1.09866,1.09875
3090,2023-05-09 02:07:30,1.09865,1.09874
3091,2023-05-09 02:07:31,1.098655,1.098745
3093,2023-05-09 02:07:34,1.09866,1.09875
3094,2023-05-09 02:07:39,1.09865,1.09874
3095,2023-05-09 02:07:41,1.09866,1.09875
3096,2023-05-09 02:07:50,1.09865,1.09874
3099,2023-05-09 02:07:51,1.09866,1.09875
3100,2023-05-09 02:07:53,1.098695,1.098785
3102,2023-05-09 02:08:00,1.0987,1.09879
3103,2023-05-09 02:08:07,1.09871,1.0988
3104,2023-05-09 02:08:09,1.0987,1.09879
3105,2023-05-09 02:08:16,1.0986850000000001,1.098775
3107,2023-05-09 02:08:21,1.098675,1.098765
3109,2023-05-09 02:08:23,1.09866,1.09875
3110,2023-05-09 02:08:24,1.09867,1.09876
3111,2023-05-09 02:08:29,1.09868,1.09877
3114,2023-05-09 02:08:34,1.098655,1.098745
3116,2023-05-09 02:08:35,1.0986150000000001,1.098705
3118,2023-05-09 02:08:41,1.0985800000000001,1.09867
3119,2023-05-09 02:08:45,1.098605,1.098695
3121,2023-05-09 02:08:49,1.09861,1.0987
3122,2023-05-09 02:08:50,1.0986,1.09869
3123,2023-05-09 02:08:52,1.09861,1.0987
3124,2023-05-09 02:08:53,1.0986,1.09869
3125,2023-05-09 02:08:56,1.098585,1.098675
3127,2023-05-09 02:09:00,1.0985800000000001,1.09867
3128,2023-05-09 02:09:01,1.0986,1.09869
3129,2023-05-09 02:09:03,1.09855,1.09864
3131,2023-05-09 02:09:05,1.09855,1.09864
3132,2023-05-09 02:09:09,1.098555,1.0986449999999999
3134,2023-05-09 02:09:10,1.09854,1.09863
3135,2023-05-09 02:09:12,1.098555,1.0986449999999999
3137,2023-05-09 02:09:15,1.09856,1.09865
3138,2023-05-09 02:09:23,1.09854,1.09863
3139,2023-05-09 02:09:24,1.09855,1.09864
3140,2023-05-09 02:09:30,1.09852,1.09861
3141,2023-05-09 02:09:32,1.098525,1.0986150000000001
3143,2023-05-09 02:09:47,1.09853,1.09862
3146,2023-05-09 02:09:50,1.09853,1.09862
3147,2023-05-09 02:09:52,1.09851,1.0986
3148,2023-05-09 02:10:00,1.09851,1.0986
3149,2023-05-09 02:10:23,1.098535,1.098625
3151,2023-05-09 02:10:32,1.09852,1.09861
3152,2023-05-09 02:10:36,1.09851,1.0986
3153,2023-05-09 02:10:39,1.09852,1.09861
3154,2023-05-09 02:10:40,1.09851,1.0986
3155,2023-05-09 02:11:00,1.098505,1.098595
3157,2023-05-09 02:11:08,1.098465,1.098555
3159,2023-05-09 02:11:14,1.098475,1.098565
3161,2023-05-09 02:11:22,1.09849,1.0985800000000001
3163,2023-05-09 02:11:26,1.09847,1.09856
3164,2023-05-09 02:11:45,1.09846,1.09855
3165,2023-05-09 02:12:01,1.09846,1.09855
3166,2023-05-09 02:12:04,1.09847,1.09856
3167,2023-05-09 02:12:08,1.09851,1.0986
3168,2023-05-09 02:12:11,1.09852,1.09861
3169,2023-05-09 02:12:19,1.098495,1.098585
3171,2023-05-09 02:12:20,1.09848,1.09857
3172,2023-05-09 02:12:22,1.09849,1.0985800000000001
3173,2023-05-09 02:12:23,1.098515,1.098605
3177,2023-05-09 02:12:26,1.0985800000000001,1.09867
3178,2023-05-09 02:12:35,1.09859,1.09868
3179,2023-05-09 02:13:00,1.09859,1.09868
3180,2023-05-09 02:13:11,1.098605,1.098695
3182,2023-05-09 02:13:16,1.09861,1.0987
3183,2023-05-09 02:13:20,1.09863,1.09872
3184,2023-05-09 02:13:46,1.09868,1.09877
3185,2023-05-09 02:14:00,1.09868,1.09877
3186,2023-05-09 02:14:09,1.098745,1.098835
3190,2023-05-09 02:14:11,1.09875,1.09884
3191,2023-05-09 02:14:13,1.09876,1.09885
3192,2023-05-09 02:14:14,1.09877,1.09886
3193,2023-05-09 02:14:22,1.09873,1.09882
3194,2023-05-09 02:14:23,1.09876,1.09885
3195,2023-05-09 02:14:24,1.09875,1.09884
3196,2023-05-09 02:14:25,1.09876,1.09885
3197,2023-05-09 02:14:27,1.098775,1.098865
3199,2023-05-09 02:14:30,1.09877,1.09886
3200,2023-05-09 02:14:31,1.09876,1.09885
3201,2023-05-09 02:14:36,1.09877,1.09886
3202,2023-05-09 02:14:41,1.09878,1.09887
3203,2023-05-09 02:14:49,1.09879,1.09888
3204,2023-05-09 02:14:51,1.09877,1.09886
3205,2023-05-09 02:14:52,1.09876,1.09885
3206,2023-05-09 02:14:57,1.0987,1.09879
3207,2023-05-09 02:15:00,1.09869,1.09878
3208,2023-05-09 02:15:07,1.09872,1.09881
3209,2023-05-09 02:15:08,1.09873,1.09882
3210,2023-05-09 02:15:09,1.09876,1.09885
3211,2023-05-09 02:15:21,1.09875,1.09884
3212,2023-05-09 02:15:22,1.09876,1.09885
3213,2023-05-09 02:15:25,1.09877,1.09886
3214,2023-05-09 02:15:31,1.09876,1.09885
3215,2023-05-09 02:15:32,1.09872,1.09881
3216,2023-05-09 02:15:33,1.098735,1.098825
3218,2023-05-09 02:15:34,1.09876,1.09885
3219,2023-05-09 02:15:36,1.09874,1.09883
3220,2023-05-09 02:15:39,1.09877,1.0988600000000002
3222,2023-05-09 02:15:40,1.098775,1.098865
3224,2023-05-09 02:15:55,1.09877,1.09886
3225,2023-05-09 02:15:56,1.09878,1.09887
3226,2023-05-09 02:16:01,1.09878,1.09887
3227,2023-05-09 02:16:09,1.09879,1.09888
3228,2023-05-09 02:16:11,1.098775,1.098865
3230,2023-05-09 02:16:17,1.09876,1.09885
3231,2023-05-09 02:16:19,1.09877,1.09886
3232,2023-05-09 02:16:23,1.09876,1.09885
3233,2023-05-09 02:16:26,1.0987149999999999,1.098805
3235,2023-05-09 02:16:27,1.09871,1.0988
3236,2023-05-09 02:16:29,1.098725,1.098815
3238,2023-05-09 02:16:30,1.09876,1.09885
3239,2023-05-09 02:16:41,1.09877,1.09886
3240,2023-05-09 02:16:45,1.098795,1.0988850000000001
3242,2023-05-09 02:16:52,1.0988,1.09889
3243,2023-05-09 02:16:54,1.09879,1.09888
3244,2023-05-09 02:16:59,1.098815,1.098905
3246,2023-05-09 02:17:00,1.098815,1.098905
3248,2023-05-09 02:17:04,1.098795,1.0988850000000001
3250,2023-05-09 02:17:20,1.09878,1.09887
3251,2023-05-09 02:17:23,1.09879,1.09888
3252,2023-05-09 02:17:26,1.09875,1.09884
3255,2023-05-09 02:17:27,1.09876,1.09885
3258,2023-05-09 02:17:29,1.09876,1.09885
3259,2023-05-09 02:17:32,1.09877,1.09886
3260,2023-05-09 02:17:33,1.098795,1.0988850000000001
3262,2023-05-09 02:17:37,1.09882,1.09891
3263,2023-05-09 02:17:42,1.09883,1.09892
3264,2023-05-09 02:17:49,1.098815,1.098905
3266,2023-05-09 02:17:50,1.098835,1.098925
3268,2023-05-09 02:17:52,1.098845,1.098935
3270,2023-05-09 02:17:54,1.09886,1.09895
3273,2023-05-09 02:17:56,1.09885,1.09894
3274,2023-05-09 02:17:59,1.09884,1.09893
3275,2023-05-09 02:18:00,1.09884,1.09893
3276,2023-05-09 02:18:01,1.09885,1.09894
3277,2023-05-09 02:18:02,1.09886,1.09895
3278,2023-05-09 02:18:06,1.098895,1.0989849999999999
3280,2023-05-09 02:18:07,1.098905,1.098995
3282,2023-05-09 02:18:08,1.09889,1.09898
3283,2023-05-09 02:18:13,1.09888,1.09897
3284,2023-05-09 02:18:19,1.09889,1.09898
3285,2023-05-09 02:18:21,1.09888,1.09897
3286,2023-05-09 02:18:25,1.09887,1.09896
3287,2023-05-09 02:18:30,1.09888,1.09897
3288,2023-05-09 02:18:31,1.09886,1.09895
3289,2023-05-09 02:18:32,1.09888,1.09897
3290,2023-05-09 02:18:33,1.0988850000000001,1.098975
3292,2023-05-09 02:18:37,1.09889,1.09898
3293,2023-05-09 02:18:41,1.0989,1.09899
3294,2023-05-09 02:18:47,1.09892,1.09901
3295,2023-05-09 02:18:48,1.09893,1.0990199999999999
3296,2023-05-09 02:18:49,1.09891,1.099
3297,2023-05-09 02:18:50,1.0989,1.09899
3298,2023-05-09 02:18:57,1.0989,1.09899
3301,2023-05-09 02:18:58,1.09892,1.09901
3302,2023-05-09 02:19:00,1.09892,1.09901
3303,2023-05-09 02:19:04,1.09893,1.0990199999999999
3308,2023-05-09 02:19:06,1.09895,1.09904
3309,2023-05-09 02:19:32,1.09891,1.099
3310,2023-05-09 02:19:33,1.0989,1.09899
3311,2023-05-09 02:19:34,1.098875,1.098965
3313,2023-05-09 02:19:36,1.09885,1.09894
3314,2023-05-09 02:19:37,1.098845,1.098935
3316,2023-05-09 02:19:38,1.09886,1.09895
3317,2023-05-09 02:19:41,1.09885,1.09894
3318,2023-05-09 02:19:47,1.09886,1.09895
3319,2023-05-09 02:20:00,1.09886,1.09895
3320,2023-05-09 02:20:05,1.09888,1.09897
3321,2023-05-09 02:20:07,1.0989200000000001,1.0990099999999998
3323,2023-05-09 02:20:19,1.09894,1.09903
3324,2023-05-09 02:20:21,1.098975,1.099065
3326,2023-05-09 02:20:22,1.0989550000000001,1.099045
3328,2023-05-09 02:20:24,1.09896,1.09905
3329,2023-05-09 02:20:40,1.09894,1.09903
3330,2023-05-09 02:20:59,1.09895,1.09904
3331,2023-05-09 02:21:00,1.09895,1.09904
3332,2023-05-09 02:21:07,1.0989550000000001,1.099045
3334,2023-05-09 02:21:20,1.098945,1.099035
3336,2023-05-09 02:21:30,1.09894,1.09903
3337,2023-05-09 02:21:34,1.09895,1.09904
3338,2023-05-09 02:21:35,1.09894,1.09903
3339,2023-05-09 02:22:01,1.098945,1.099035
3341,2023-05-09 02:22:04,1.098945,1.099035
3343,2023-05-09 02:22:06,1.09894,1.09903
3344,2023-05-09 02:22:07,1.09893,1.0990199999999999
3345,2023-05-09 02:22:09,1.09894,1.09903
3346,2023-05-09 02:22:17,1.09893,1.0990199999999999
3347,2023-05-09 02:22:21,1.09891,1.099
3348,2023-05-09 02:22:22,1.0989,1.09899
3349,2023-05-09 02:22:24,1.09889,1.09898
3350,2023-05-09 02:22:48,1.09885,1.09894
3351,2023-05-09 02:22:59,1.09884,1.09893
3352,2023-05-09 02:23:01,1.09884,1.09893
3353,2023-05-09 02:23:03,1.098855,1.098945
3355,2023-05-09 02:23:14,1.09889,1.09898
3356,2023-05-09 02:23:15,1.09888,1.09897
3357,2023-05-09 02:23:18,1.09886,1.09895
3358,2023-05-09 02:23:19,1.09885,1.09894
3359,2023-05-09 02:23:23,1.09886,1.09895
3360,2023-05-09 02:23:24,1.09885,1.09894
3361,2023-05-09 02:23:28,1.09887,1.09896
3362,2023-05-09 02:23:31,1.09888,1.09897
3363,2023-05-09 02:24:00,1.09888,1.09897
3364,2023-05-09 02:24:02,1.09889,1.09898
3365,2023-05-09 02:24:07,1.0989200000000001,1.0990099999999998
3367,2023-05-09 02:24:13,1.09894,1.09903
3368,2023-05-09 02:24:32,1.09896,1.09905
3369,2023-05-09 02:24:33,1.09898,1.09907
3370,2023-05-09 02:24:35,1.09899,1.09908
3371,2023-05-09 02:24:36,1.09897,1.09906
3374,2023-05-09 02:24:37,1.09894,1.09903
3375,2023-05-09 02:24:46,1.09893,1.0990199999999999
3376,2023-05-09 02:24:59,1.09894,1.09903
3377,2023-05-09 02:25:00,1.09894,1.09903
3378,2023-05-09 02:25:05,1.09893,1.0990199999999999
3379,2023-05-09 02:25:09,1.09894,1.09903
3380,2023-05-09 02:25:20,1.09893,1.0990199999999999
3381,2023-05-09 02:25:31,1.09894,1.09903
3382,2023-05-09 02:25:39,1.09893,1.0990199999999999
3383,2023-05-09 02:25:53,1.09892,1.09901
3384,2023-05-09 02:25:54,1.09891,1.099
3385,2023-05-09 02:25:57,1.098895,1.0989849999999999
3387,2023-05-09 02:26:01,1.0989,1.09899
3388,2023-05-09 02:26:02,1.09889,1.09898
3389,2023-05-09 02:26:25,1.09888,1.09897
