,time,bid,ask
0,2023-05-09 00:00:00,170.369,170.394
2,2023-05-09 00:00:01,170.3655,170.39049999999997
8,2023-05-09 00:00:02,170.361,170.386
11,2023-05-09 00:00:05,170.359,170.384
12,2023-05-09 00:00:06,170.36,170.385
13,2023-05-09 00:00:09,170.3675,170.39249999999998
15,2023-05-09 00:00:10,170.3755,170.40050000000002
19,2023-05-09 00:00:11,170.381,170.406
22,2023-05-09 00:00:12,170.387,170.412
25,2023-05-09 00:00:16,170.3915,170.41649999999998
27,2023-05-09 00:00:17,170.392,170.417
28,2023-05-09 00:00:18,170.3915,170.41649999999998
30,2023-05-09 00:00:19,170.39249999999998,170.41750000000002
32,2023-05-09 00:00:21,170.39249999999998,170.41750000000002
34,2023-05-09 00:00:22,170.394,170.419
35,2023-05-09 00:00:23,170.393,170.418
36,2023-05-09 00:00:24,170.392,170.417
37,2023-05-09 00:00:25,170.394,170.419
40,2023-05-09 00:00:27,170.3945,170.4195
42,2023-05-09 00:00:30,170.397,170.422
45,2023-05-09 00:00:31,170.417,170.442
47,2023-05-09 00:00:32,170.427,170.452
51,2023-05-09 00:00:33,170.4255,170.45049999999998
53,2023-05-09 00:00:36,170.4085,170.43349999999998
55,2023-05-09 00:00:38,170.408,170.433
58,2023-05-09 00:00:40,170.403,170.428
59,2023-05-09 00:00:41,170.401,170.426
60,2023-05-09 00:00:42,170.3995,170.42450000000002
64,2023-05-09 00:00:43,170.3985,170.4235
66,2023-05-09 00:00:44,170.3965,170.42149999999998
68,2023-05-09 00:00:45,170.3965,170.42149999999998
70,2023-05-09 00:00:46,170.401,170.426
71,2023-05-09 00:00:47,170.404,170.429
74,2023-05-09 00:00:48,170.4065,170.4315
76,2023-05-09 00:00:49,170.406,170.43099999999998
78,2023-05-09 00:00:51,170.41,170.435
81,2023-05-09 00:00:52,170.418,170.443
82,2023-05-09 00:00:53,170.41500000000002,170.44
84,2023-05-09 00:00:54,170.4115,170.43650000000002
86,2023-05-09 00:00:55,170.41649999999998,170.44150000000002
88,2023-05-09 00:00:57,170.4195,170.4445
90,2023-05-09 00:00:59,170.418,170.443
93,2023-05-09 00:01:00,170.42950000000002,170.4545
97,2023-05-09 00:01:01,170.43650000000002,170.4615
99,2023-05-09 00:01:02,170.43650000000002,170.4615
101,2023-05-09 00:01:03,170.44,170.465
102,2023-05-09 00:01:04,170.445,170.47
106,2023-05-09 00:01:05,170.441,170.466
109,2023-05-09 00:01:06,170.448,170.473
112,2023-05-09 00:01:07,170.45049999999998,170.4755
114,2023-05-09 00:01:08,170.45,170.475
117,2023-05-09 00:01:09,170.448,170.473
119,2023-05-09 00:01:10,170.439,170.464
123,2023-05-09 00:01:11,170.435,170.46
126,2023-05-09 00:01:12,170.438,170.463
127,2023-05-09 00:01:13,170.4375,170.46249999999998
129,2023-05-09 00:01:14,170.438,170.463
132,2023-05-09 00:01:17,170.428,170.453
133,2023-05-09 00:01:18,170.4275,170.4525
137,2023-05-09 00:01:20,170.446,170.471
140,2023-05-09 00:01:21,170.449,170.474
141,2023-05-09 00:01:24,170.4485,170.4735
143,2023-05-09 00:01:26,170.446,170.471
144,2023-05-09 00:01:28,170.445,170.47
145,2023-05-09 00:01:29,170.444,170.469
146,2023-05-09 00:01:30,170.443,170.468
147,2023-05-09 00:01:31,170.452,170.477
149,2023-05-09 00:01:32,170.456,170.481
152,2023-05-09 00:01:33,170.456,170.481
155,2023-05-09 00:01:34,170.45749999999998,170.48250000000002
157,2023-05-09 00:01:35,170.457,170.482
158,2023-05-09 00:01:37,170.4565,170.48149999999998
160,2023-05-09 00:01:40,170.4555,170.4805
162,2023-05-09 00:01:41,170.445,170.47
163,2023-05-09 00:01:42,170.446,170.471
164,2023-05-09 00:01:43,170.442,170.467
167,2023-05-09 00:01:44,170.44650000000001,170.4715
169,2023-05-09 00:01:45,170.44299999999998,170.46800000000002
171,2023-05-09 00:01:47,170.4425,170.4675
173,2023-05-09 00:01:48,170.426,170.451
176,2023-05-09 00:01:49,170.426,170.451
179,2023-05-09 00:01:50,170.424,170.449
182,2023-05-09 00:01:51,170.414,170.439
183,2023-05-09 00:01:52,170.417,170.442
186,2023-05-09 00:01:53,170.415,170.44
187,2023-05-09 00:01:54,170.41449999999998,170.4395
189,2023-05-09 00:01:55,170.416,170.441
190,2023-05-09 00:01:57,170.417,170.442
191,2023-05-09 00:01:58,170.42000000000002,170.445
193,2023-05-09 00:01:59,170.42,170.445
194,2023-05-09 00:02:00,170.4205,170.44549999999998
196,2023-05-09 00:02:01,170.425,170.45
197,2023-05-09 00:02:02,170.426,170.451
198,2023-05-09 00:02:04,170.425,170.45
199,2023-05-09 00:02:07,170.424,170.449
200,2023-05-09 00:02:08,170.425,170.45
201,2023-05-09 00:02:09,170.43,170.455
204,2023-05-09 00:02:10,170.4305,170.4555
206,2023-05-09 00:02:11,170.4305,170.4555
208,2023-05-09 00:02:12,170.433,170.458
209,2023-05-09 00:02:14,170.42950000000002,170.4545
211,2023-05-09 00:02:17,170.43,170.455
212,2023-05-09 00:02:18,170.431,170.456
213,2023-05-09 00:02:20,170.43,170.455
214,2023-05-09 00:02:21,170.4315,170.4565
216,2023-05-09 00:02:24,170.43,170.455
217,2023-05-09 00:02:25,170.431,170.456
218,2023-05-09 00:02:26,170.4305,170.4555
220,2023-05-09 00:02:28,170.423,170.448
221,2023-05-09 00:02:29,170.422,170.447
224,2023-05-09 00:02:30,170.424,170.449
225,2023-05-09 00:02:31,170.425,170.45
226,2023-05-09 00:02:32,170.4275,170.4525
228,2023-05-09 00:02:33,170.42649999999998,170.4515
230,2023-05-09 00:02:34,170.4265,170.4515
232,2023-05-09 00:02:35,170.424,170.449
233,2023-05-09 00:02:36,170.425,170.45
234,2023-05-09 00:02:37,170.44150000000002,170.4665
236,2023-05-09 00:02:38,170.446,170.471
237,2023-05-09 00:02:39,170.439,170.464
238,2023-05-09 00:02:41,170.438,170.463
239,2023-05-09 00:02:42,170.436,170.461
242,2023-05-09 00:02:44,170.4375,170.4625
244,2023-05-09 00:02:45,170.43849999999998,170.4635
246,2023-05-09 00:02:46,170.4375,170.4625
248,2023-05-09 00:02:47,170.436,170.461
249,2023-05-09 00:02:48,170.434,170.459
252,2023-05-09 00:02:50,170.4345,170.4595
254,2023-05-09 00:02:51,170.435,170.46
255,2023-05-09 00:02:52,170.437,170.462
256,2023-05-09 00:02:53,170.433,170.458
260,2023-05-09 00:02:54,170.415,170.44
263,2023-05-09 00:02:55,170.413,170.438
265,2023-05-09 00:02:56,170.413,170.438
266,2023-05-09 00:02:58,170.415,170.44
268,2023-05-09 00:02:59,170.415,170.44
269,2023-05-09 00:03:00,170.424,170.449
270,2023-05-09 00:03:01,170.423,170.448
271,2023-05-09 00:03:04,170.424,170.449
274,2023-05-09 00:03:07,170.4255,170.45049999999998
276,2023-05-09 00:03:08,170.4255,170.45049999999998
278,2023-05-09 00:03:09,170.427,170.452
281,2023-05-09 00:03:10,170.427,170.452
282,2023-05-09 00:03:13,170.426,170.451
283,2023-05-09 00:03:16,170.4135,170.43849999999998
285,2023-05-09 00:03:17,170.416,170.441
286,2023-05-09 00:03:20,170.415,170.44
287,2023-05-09 00:03:21,170.413,170.438
288,2023-05-09 00:03:22,170.42,170.445
291,2023-05-09 00:03:23,170.417,170.442
292,2023-05-09 00:03:24,170.414,170.439
293,2023-05-09 00:03:25,170.413,170.438
294,2023-05-09 00:03:26,170.414,170.439
295,2023-05-09 00:03:27,170.413,170.438
296,2023-05-09 00:03:28,170.4115,170.43650000000002
298,2023-05-09 00:03:30,170.412,170.437
302,2023-05-09 00:03:31,170.411,170.436
303,2023-05-09 00:03:32,170.41,170.435
304,2023-05-09 00:03:34,170.411,170.436
305,2023-05-09 00:03:35,170.4115,170.43650000000002
307,2023-05-09 00:03:38,170.41,170.435
308,2023-05-09 00:03:44,170.414,170.439
311,2023-05-09 00:03:45,170.42,170.445
312,2023-05-09 00:03:46,170.419,170.444
313,2023-05-09 00:03:47,170.4185,170.4435
315,2023-05-09 00:03:48,170.42,170.445
316,2023-05-09 00:03:49,170.41750000000002,170.4425
318,2023-05-09 00:03:50,170.41449999999998,170.4395
320,2023-05-09 00:03:53,170.4295,170.4545
324,2023-05-09 00:03:55,170.42700000000002,170.452
328,2023-05-09 00:03:56,170.417,170.442
331,2023-05-09 00:03:57,170.414,170.439
332,2023-05-09 00:03:58,170.412,170.437
335,2023-05-09 00:03:59,170.41,170.435
336,2023-05-09 00:04:00,170.41,170.435
337,2023-05-09 00:04:02,170.4195,170.4445
339,2023-05-09 00:04:03,170.43,170.45499999999998
341,2023-05-09 00:04:04,170.424,170.449
344,2023-05-09 00:04:05,170.42000000000002,170.445
348,2023-05-09 00:04:06,170.42,170.445
351,2023-05-09 00:04:07,170.42,170.445
352,2023-05-09 00:04:09,170.421,170.446
353,2023-05-09 00:04:11,170.422,170.447
354,2023-05-09 00:04:12,170.43,170.455
357,2023-05-09 00:04:13,170.4325,170.45749999999998
359,2023-05-09 00:04:15,170.428,170.453
362,2023-05-09 00:04:16,170.412,170.437
366,2023-05-09 00:04:18,170.4115,170.43650000000002
368,2023-05-09 00:04:19,170.411,170.436
369,2023-05-09 00:04:20,170.4105,170.4355
371,2023-05-09 00:04:21,170.417,170.442
374,2023-05-09 00:04:22,170.4195,170.4445
376,2023-05-09 00:04:23,170.418,170.443
379,2023-05-09 00:04:24,170.416,170.441
380,2023-05-09 00:04:25,170.41250000000002,170.4375
382,2023-05-09 00:04:26,170.4105,170.4355
384,2023-05-09 00:04:27,170.413,170.438
388,2023-05-09 00:04:29,170.411,170.43599999999998
390,2023-05-09 00:04:31,170.412,170.437
391,2023-05-09 00:04:32,170.413,170.438
394,2023-05-09 00:04:33,170.414,170.439
395,2023-05-09 00:04:34,170.415,170.44
396,2023-05-09 00:04:35,170.414,170.439
397,2023-05-09 00:04:36,170.414,170.439
399,2023-05-09 00:04:37,170.414,170.439
400,2023-05-09 00:04:38,170.41250000000002,170.4375
402,2023-05-09 00:04:39,170.413,170.438
403,2023-05-09 00:04:40,170.418,170.443
405,2023-05-09 00:04:41,170.431,170.456
406,2023-05-09 00:04:47,170.438,170.46300000000002
408,2023-05-09 00:04:48,170.433,170.458
411,2023-05-09 00:04:50,170.432,170.457
412,2023-05-09 00:04:53,170.434,170.459
414,2023-05-09 00:04:54,170.446,170.471
415,2023-05-09 00:04:57,170.44549999999998,170.47050000000002
417,2023-05-09 00:04:59,170.447,170.472
418,2023-05-09 00:05:00,170.44650000000001,170.4715
420,2023-05-09 00:05:01,170.446,170.471
421,2023-05-09 00:05:02,170.44549999999998,170.47050000000002
423,2023-05-09 00:05:03,170.44549999999998,170.47050000000002
425,2023-05-09 00:05:05,170.44,170.465
428,2023-05-09 00:05:06,170.445,170.47
429,2023-05-09 00:05:07,170.444,170.469
432,2023-05-09 00:05:09,170.439,170.464
435,2023-05-09 00:05:10,170.4375,170.46249999999998
437,2023-05-09 00:05:11,170.444,170.469
440,2023-05-09 00:05:12,170.44650000000001,170.4715
442,2023-05-09 00:05:13,170.448,170.473
443,2023-05-09 00:05:14,170.447,170.472
446,2023-05-09 00:05:15,170.446,170.471
449,2023-05-09 00:05:16,170.44549999999998,170.47050000000002
451,2023-05-09 00:05:17,170.4565,170.48149999999998
455,2023-05-09 00:05:18,170.468,170.493
456,2023-05-09 00:05:19,170.469,170.494
457,2023-05-09 00:05:20,170.47,170.495
458,2023-05-09 00:05:21,170.471,170.496
459,2023-05-09 00:05:25,170.459,170.484
460,2023-05-09 00:05:26,170.4565,170.48149999999998
464,2023-05-09 00:05:27,170.462,170.487
467,2023-05-09 00:05:28,170.45800000000003,170.483
469,2023-05-09 00:05:29,170.459,170.484
470,2023-05-09 00:05:30,170.46050000000002,170.4855
472,2023-05-09 00:05:31,170.46,170.485
473,2023-05-09 00:05:32,170.469,170.494
476,2023-05-09 00:05:33,170.468,170.493
479,2023-05-09 00:05:36,170.4685,170.49349999999998
481,2023-05-09 00:05:37,170.4685,170.49349999999998
483,2023-05-09 00:05:38,170.47,170.495
486,2023-05-09 00:05:39,170.4735,170.49849999999998
490,2023-05-09 00:05:40,170.472,170.497
493,2023-05-09 00:05:41,170.47250000000003,170.4975
495,2023-05-09 00:05:42,170.4735,170.49849999999998
497,2023-05-09 00:05:43,170.467,170.492
498,2023-05-09 00:05:45,170.46800000000002,170.493
500,2023-05-09 00:05:46,170.465,170.49
504,2023-05-09 00:05:47,170.4645,170.48950000000002
508,2023-05-09 00:05:48,170.4545,170.4795
512,2023-05-09 00:05:50,170.4515,170.4765
516,2023-05-09 00:05:51,170.452,170.477
519,2023-05-09 00:05:52,170.454,170.479
522,2023-05-09 00:05:53,170.4545,170.4795
524,2023-05-09 00:05:55,170.455,170.48
525,2023-05-09 00:05:57,170.456,170.481
526,2023-05-09 00:05:59,170.453,170.478
527,2023-05-09 00:06:00,170.4545,170.4795
529,2023-05-09 00:06:01,170.4555,170.4805
531,2023-05-09 00:06:04,170.454,170.479
532,2023-05-09 00:06:05,170.455,170.48
533,2023-05-09 00:06:06,170.452,170.477
534,2023-05-09 00:06:09,170.461,170.486
536,2023-05-09 00:06:10,170.46249999999998,170.4875
538,2023-05-09 00:06:11,170.461,170.486
539,2023-05-09 00:06:12,170.46,170.485
542,2023-05-09 00:06:14,170.45850000000002,170.4835
544,2023-05-09 00:06:15,170.455,170.48
545,2023-05-09 00:06:18,170.454,170.479
546,2023-05-09 00:06:19,170.455,170.48
547,2023-05-09 00:06:20,170.454,170.479
548,2023-05-09 00:06:21,170.452,170.477
549,2023-05-09 00:06:22,170.451,170.476
552,2023-05-09 00:06:25,170.452,170.477
553,2023-05-09 00:06:29,170.454,170.479
556,2023-05-09 00:06:30,170.454,170.47899999999998
558,2023-05-09 00:06:32,170.456,170.481
559,2023-05-09 00:06:33,170.453,170.478
561,2023-05-09 00:06:36,170.454,170.479
562,2023-05-09 00:06:39,170.45,170.47500000000002
564,2023-05-09 00:06:40,170.4475,170.47250000000003
568,2023-05-09 00:06:41,170.445,170.47
571,2023-05-09 00:06:46,170.445,170.47
573,2023-05-09 00:06:47,170.447,170.472
574,2023-05-09 00:06:49,170.448,170.473
575,2023-05-09 00:06:50,170.445,170.47
576,2023-05-09 00:06:51,170.44650000000001,170.4715
578,2023-05-09 00:06:52,170.44650000000001,170.4715
580,2023-05-09 00:06:53,170.447,170.472
581,2023-05-09 00:06:56,170.449,170.474
582,2023-05-09 00:06:57,170.4495,170.47449999999998
584,2023-05-09 00:06:58,170.442,170.46699999999998
586,2023-05-09 00:06:59,170.45600000000002,170.481
588,2023-05-09 00:07:00,170.46,170.485
591,2023-05-09 00:07:02,170.461,170.486
594,2023-05-09 00:07:04,170.46249999999998,170.4875
596,2023-05-09 00:07:05,170.463,170.488
598,2023-05-09 00:07:06,170.4645,170.48950000000002
600,2023-05-09 00:07:09,170.463,170.488
601,2023-05-09 00:07:10,170.45999999999998,170.485
603,2023-05-09 00:07:12,170.4595,170.48450000000003
607,2023-05-09 00:07:13,170.45350000000002,170.4785
609,2023-05-09 00:07:15,170.457,170.482
611,2023-05-09 00:07:16,170.454,170.479
614,2023-05-09 00:07:17,170.451,170.476
615,2023-05-09 00:07:18,170.4495,170.47449999999998
617,2023-05-09 00:07:19,170.45049999999998,170.4755
619,2023-05-09 00:07:20,170.456,170.481
620,2023-05-09 00:07:21,170.4555,170.4805
622,2023-05-09 00:07:22,170.455,170.48
623,2023-05-09 00:07:23,170.453,170.478
624,2023-05-09 00:07:24,170.4565,170.48149999999998
626,2023-05-09 00:07:25,170.453,170.478
627,2023-05-09 00:07:26,170.452,170.477
628,2023-05-09 00:07:29,170.453,170.478
629,2023-05-09 00:07:31,170.457,170.482
630,2023-05-09 00:07:32,170.45350000000002,170.4785
632,2023-05-09 00:07:33,170.4525,170.47750000000002
634,2023-05-09 00:07:34,170.458,170.483
635,2023-05-09 00:07:36,170.46,170.485
636,2023-05-09 00:07:37,170.461,170.486
637,2023-05-09 00:07:40,170.452,170.477
638,2023-05-09 00:07:41,170.44650000000001,170.4715
640,2023-05-09 00:07:42,170.446,170.471
642,2023-05-09 00:07:43,170.448,170.473
643,2023-05-09 00:07:44,170.449,170.474
644,2023-05-09 00:07:45,170.449,170.474
646,2023-05-09 00:07:46,170.457,170.48200000000003
648,2023-05-09 00:07:47,170.45749999999998,170.48250000000002
652,2023-05-09 00:07:49,170.457,170.482
653,2023-05-09 00:07:50,170.458,170.483
654,2023-05-09 00:07:51,170.459,170.484
655,2023-05-09 00:07:52,170.453,170.478
656,2023-05-09 00:07:54,170.453,170.478
658,2023-05-09 00:07:55,170.45499999999998,170.48000000000002
660,2023-05-09 00:07:56,170.456,170.481
663,2023-05-09 00:07:57,170.45749999999998,170.48250000000002
665,2023-05-09 00:07:58,170.456,170.481
666,2023-05-09 00:08:00,170.4555,170.4805
668,2023-05-09 00:08:01,170.457,170.482
671,2023-05-09 00:08:03,170.455,170.48
672,2023-05-09 00:08:04,170.458,170.483
675,2023-05-09 00:08:05,170.459,170.484
678,2023-05-09 00:08:06,170.46,170.485
681,2023-05-09 00:08:08,170.459,170.484
682,2023-05-09 00:08:10,170.4595,170.48450000000003
684,2023-05-09 00:08:11,170.46,170.485
685,2023-05-09 00:08:13,170.457,170.482
687,2023-05-09 00:08:14,170.455,170.48
688,2023-05-09 00:08:15,170.454,170.479
689,2023-05-09 00:08:16,170.4555,170.4805
691,2023-05-09 00:08:17,170.457,170.482
692,2023-05-09 00:08:18,170.456,170.481
693,2023-05-09 00:08:19,170.461,170.486
694,2023-05-09 00:08:20,170.466,170.491
697,2023-05-09 00:08:22,170.47,170.495
698,2023-05-09 00:08:27,170.468,170.493
699,2023-05-09 00:08:30,170.467,170.492
700,2023-05-09 00:08:32,170.467,170.492
703,2023-05-09 00:08:34,170.467,170.492
706,2023-05-09 00:08:35,170.468,170.493
707,2023-05-09 00:08:37,170.467,170.492
708,2023-05-09 00:08:39,170.4665,170.4915
710,2023-05-09 00:08:41,170.468,170.493
711,2023-05-09 00:08:43,170.4665,170.4915
713,2023-05-09 00:08:44,170.4685,170.49349999999998
715,2023-05-09 00:08:46,170.475,170.5
716,2023-05-09 00:08:47,170.474,170.499
717,2023-05-09 00:08:48,170.4755,170.5005
719,2023-05-09 00:08:49,170.474,170.499
720,2023-05-09 00:08:50,170.473,170.498
721,2023-05-09 00:08:51,170.474,170.499
722,2023-05-09 00:08:52,170.474,170.499
725,2023-05-09 00:08:54,170.47449999999998,170.4995
727,2023-05-09 00:08:59,170.481,170.506
730,2023-05-09 00:09:00,170.4855,170.51049999999998
732,2023-05-09 00:09:01,170.488,170.513
735,2023-05-09 00:09:02,170.495,170.52
736,2023-05-09 00:09:03,170.49200000000002,170.517
738,2023-05-09 00:09:04,170.493,170.518
739,2023-05-09 00:09:05,170.492,170.517
742,2023-05-09 00:09:07,170.491,170.516
745,2023-05-09 00:09:08,170.492,170.517
746,2023-05-09 00:09:09,170.495,170.52
747,2023-05-09 00:09:10,170.4845,170.5095
751,2023-05-09 00:09:11,170.477,170.502
754,2023-05-09 00:09:12,170.474,170.499
757,2023-05-09 00:09:14,170.47250000000003,170.4975
759,2023-05-09 00:09:15,170.48000000000002,170.505
763,2023-05-09 00:09:16,170.4875,170.5125
765,2023-05-09 00:09:17,170.484,170.50900000000001
767,2023-05-09 00:09:22,170.487,170.512
770,2023-05-09 00:09:24,170.4875,170.5125
772,2023-05-09 00:09:25,170.488,170.513
773,2023-05-09 00:09:26,170.487,170.512
774,2023-05-09 00:09:28,170.486,170.511
775,2023-05-09 00:09:33,170.488,170.513
778,2023-05-09 00:09:34,170.487,170.512
781,2023-05-09 00:09:36,170.488,170.513
782,2023-05-09 00:09:38,170.4885,170.5135
784,2023-05-09 00:09:39,170.488,170.513
785,2023-05-09 00:09:40,170.49,170.515
788,2023-05-09 00:09:41,170.489,170.514
789,2023-05-09 00:09:42,170.49,170.515
790,2023-05-09 00:09:43,170.489,170.514
791,2023-05-09 00:09:44,170.49099999999999,170.516
793,2023-05-09 00:09:45,170.49,170.515
794,2023-05-09 00:09:46,170.49,170.515
796,2023-05-09 00:09:47,170.492,170.517
797,2023-05-09 00:09:49,170.491,170.516
798,2023-05-09 00:09:50,170.49,170.515
799,2023-05-09 00:09:51,170.4905,170.51549999999997
801,2023-05-09 00:09:52,170.49200000000002,170.517
803,2023-05-09 00:09:53,170.494,170.519
804,2023-05-09 00:09:55,170.492,170.517
807,2023-05-09 00:09:57,170.4805,170.50549999999998
809,2023-05-09 00:09:58,170.48149999999998,170.50650000000002
811,2023-05-09 00:09:59,170.486,170.511
812,2023-05-09 00:10:00,170.486,170.511
815,2023-05-09 00:10:01,170.4875,170.5125
817,2023-05-09 00:10:02,170.4855,170.51049999999998
819,2023-05-09 00:10:04,170.487,170.512
820,2023-05-09 00:10:05,170.4885,170.51350000000002
822,2023-05-09 00:10:06,170.488,170.513
823,2023-05-09 00:10:09,170.489,170.514
824,2023-05-09 00:10:10,170.4875,170.5125
826,2023-05-09 00:10:12,170.488,170.513
827,2023-05-09 00:10:13,170.489,170.514
828,2023-05-09 00:10:15,170.48950000000002,170.5145
830,2023-05-09 00:10:16,170.4875,170.5125
832,2023-05-09 00:10:20,170.486,170.511
833,2023-05-09 00:10:26,170.485,170.51
836,2023-05-09 00:10:29,170.48250000000002,170.5075
838,2023-05-09 00:10:32,170.48399999999998,170.50900000000001
840,2023-05-09 00:10:33,170.48450000000003,170.5095
842,2023-05-09 00:10:34,170.487,170.512
845,2023-05-09 00:10:35,170.487,170.512
846,2023-05-09 00:10:36,170.486,170.511
847,2023-05-09 00:10:37,170.48950000000002,170.5145
849,2023-05-09 00:10:38,170.491,170.516
850,2023-05-09 00:10:39,170.49,170.515
851,2023-05-09 00:10:40,170.4875,170.5125
855,2023-05-09 00:10:41,170.489,170.514
856,2023-05-09 00:10:45,170.488,170.513
857,2023-05-09 00:10:47,170.48950000000002,170.5145
859,2023-05-09 00:10:48,170.486,170.511
860,2023-05-09 00:10:49,170.485,170.51
861,2023-05-09 00:10:53,170.486,170.511
862,2023-05-09 00:10:54,170.488,170.513
865,2023-05-09 00:10:55,170.491,170.516
866,2023-05-09 00:10:56,170.49,170.515
867,2023-05-09 00:10:58,170.492,170.517
870,2023-05-09 00:10:59,170.49849999999998,170.5235
872,2023-05-09 00:11:00,170.496,170.521
875,2023-05-09 00:11:01,170.497,170.522
876,2023-05-09 00:11:02,170.498,170.523
877,2023-05-09 00:11:03,170.499,170.524
880,2023-05-09 00:11:04,170.504,170.529
881,2023-05-09 00:11:05,170.504,170.529
884,2023-05-09 00:11:10,170.49,170.515
885,2023-05-09 00:11:11,170.4885,170.51350000000002
887,2023-05-09 00:11:12,170.487,170.512
888,2023-05-09 00:11:15,170.488,170.513
889,2023-05-09 00:11:16,170.4805,170.50549999999998
891,2023-05-09 00:11:17,170.4795,170.5045
893,2023-05-09 00:11:18,170.4785,170.50349999999997
895,2023-05-09 00:11:21,170.4795,170.5045
897,2023-05-09 00:11:22,170.481,170.506
899,2023-05-09 00:11:23,170.48,170.505
902,2023-05-09 00:11:25,170.484,170.509
903,2023-05-09 00:11:26,170.485,170.51
904,2023-05-09 00:11:27,170.484,170.509
907,2023-05-09 00:11:28,170.483,170.508
908,2023-05-09 00:11:30,170.482,170.507
909,2023-05-09 00:11:31,170.48250000000002,170.5075
911,2023-05-09 00:11:33,170.483,170.508
912,2023-05-09 00:11:35,170.482,170.507
913,2023-05-09 00:11:36,170.485,170.51
914,2023-05-09 00:11:37,170.487,170.512
917,2023-05-09 00:11:38,170.49,170.515
918,2023-05-09 00:11:39,170.495,170.52
919,2023-05-09 00:11:40,170.49450000000002,170.5195
921,2023-05-09 00:11:41,170.494,170.519
922,2023-05-09 00:11:44,170.497,170.522
924,2023-05-09 00:11:45,170.495,170.52
925,2023-05-09 00:11:46,170.496,170.521
926,2023-05-09 00:11:47,170.499,170.524
929,2023-05-09 00:11:51,170.5,170.525
930,2023-05-09 00:11:52,170.5025,170.5275
932,2023-05-09 00:11:53,170.502,170.527
933,2023-05-09 00:11:54,170.5045,170.52949999999998
935,2023-05-09 00:11:56,170.504,170.529
936,2023-05-09 00:11:57,170.505,170.53
937,2023-05-09 00:11:58,170.512,170.537
938,2023-05-09 00:11:59,170.512,170.537
940,2023-05-09 00:12:00,170.5075,170.5325
942,2023-05-09 00:12:01,170.4935,170.5185
944,2023-05-09 00:12:02,170.492,170.517
945,2023-05-09 00:12:03,170.50150000000002,170.5265
947,2023-05-09 00:12:04,170.5045,170.52949999999998
949,2023-05-09 00:12:06,170.50349999999997,170.5285
951,2023-05-09 00:12:07,170.505,170.53
954,2023-05-09 00:12:08,170.506,170.531
955,2023-05-09 00:12:10,170.505,170.53
956,2023-05-09 00:12:11,170.5005,170.5255
958,2023-05-09 00:12:12,170.5005,170.52550000000002
960,2023-05-09 00:12:15,170.502,170.527
961,2023-05-09 00:12:17,170.503,170.528
962,2023-05-09 00:12:18,170.50150000000002,170.5265
964,2023-05-09 00:12:19,170.502,170.527
965,2023-05-09 00:12:20,170.5115,170.5365
967,2023-05-09 00:12:21,170.5095,170.53449999999998
969,2023-05-09 00:12:25,170.51049999999998,170.5355
971,2023-05-09 00:12:26,170.511,170.536
972,2023-05-09 00:12:27,170.50650000000002,170.5315
974,2023-05-09 00:12:29,170.506,170.531
976,2023-05-09 00:12:31,170.5025,170.52749999999997
978,2023-05-09 00:12:35,170.503,170.528
979,2023-05-09 00:12:36,170.50549999999998,170.53050000000002
981,2023-05-09 00:12:37,170.504,170.529
982,2023-05-09 00:12:38,170.503,170.528
986,2023-05-09 00:12:39,170.5,170.525
989,2023-05-09 00:12:40,170.496,170.521
990,2023-05-09 00:12:41,170.4955,170.5205
992,2023-05-09 00:12:42,170.495,170.52
993,2023-05-09 00:12:43,170.496,170.521
994,2023-05-09 00:12:44,170.4985,170.5235
996,2023-05-09 00:12:45,170.505,170.53
997,2023-05-09 00:12:46,170.501,170.526
998,2023-05-09 00:12:47,170.5,170.525
999,2023-05-09 00:12:48,170.501,170.526
1000,2023-05-09 00:12:49,170.501,170.526
1003,2023-05-09 00:12:50,170.503,170.528
1004,2023-05-09 00:12:51,170.504,170.529
1005,2023-05-09 00:12:52,170.513,170.538
1008,2023-05-09 00:12:53,170.512,170.537
1009,2023-05-09 00:12:54,170.514,170.539
1010,2023-05-09 00:12:55,170.5205,170.5455
1012,2023-05-09 00:12:57,170.519,170.54399999999998
1014,2023-05-09 00:12:58,170.513,170.538
1017,2023-05-09 00:12:59,170.513,170.538
1019,2023-05-09 00:13:00,170.515,170.54
1021,2023-05-09 00:13:02,170.518,170.543
1022,2023-05-09 00:13:03,170.519,170.544
1023,2023-05-09 00:13:04,170.51749999999998,170.54250000000002
1025,2023-05-09 00:13:05,170.51549999999997,170.5405
1027,2023-05-09 00:13:06,170.525,170.55
1030,2023-05-09 00:13:07,170.524,170.549
1031,2023-05-09 00:13:08,170.522,170.547
1032,2023-05-09 00:13:09,170.523,170.548
1033,2023-05-09 00:13:10,170.525,170.55
1034,2023-05-09 00:13:11,170.52749999999997,170.5525
1036,2023-05-09 00:13:12,170.53,170.555
1039,2023-05-09 00:13:13,170.5285,170.55349999999999
1041,2023-05-09 00:13:14,170.525,170.55
1042,2023-05-09 00:13:15,170.526,170.551
1043,2023-05-09 00:13:16,170.526,170.551
1046,2023-05-09 00:13:17,170.527,170.552
1047,2023-05-09 00:13:18,170.53,170.555
1048,2023-05-09 00:13:19,170.529,170.554
1049,2023-05-09 00:13:20,170.528,170.553
1053,2023-05-09 00:13:22,170.527,170.552
1056,2023-05-09 00:13:24,170.527,170.552
1059,2023-05-09 00:13:25,170.517,170.542
1060,2023-05-09 00:13:26,170.51549999999997,170.5405
1062,2023-05-09 00:13:27,170.5125,170.53750000000002
1064,2023-05-09 00:13:28,170.511,170.536
1065,2023-05-09 00:13:29,170.50349999999997,170.5285
1067,2023-05-09 00:13:30,170.505,170.53
1068,2023-05-09 00:13:33,170.5045,170.52949999999998
1070,2023-05-09 00:13:34,170.503,170.528
1071,2023-05-09 00:13:37,170.504,170.529
1072,2023-05-09 00:13:38,170.503,170.528
1073,2023-05-09 00:13:39,170.50900000000001,170.534
1075,2023-05-09 00:13:42,170.514,170.539
1078,2023-05-09 00:13:43,170.514,170.539
1079,2023-05-09 00:13:44,170.507,170.532
1080,2023-05-09 00:13:45,170.50650000000002,170.5315
1082,2023-05-09 00:13:47,170.509,170.534
1083,2023-05-09 00:13:48,170.5085,170.5335
1087,2023-05-09 00:13:49,170.50549999999998,170.53050000000002
1089,2023-05-09 00:13:50,170.507,170.532
1092,2023-05-09 00:13:51,170.507,170.532
1095,2023-05-09 00:13:52,170.5075,170.5325
1097,2023-05-09 00:13:53,170.506,170.531
1098,2023-05-09 00:13:54,170.507,170.532
1101,2023-05-09 00:13:55,170.507,170.532
1102,2023-05-09 00:13:57,170.5085,170.5335
1104,2023-05-09 00:13:58,170.5075,170.5325
1106,2023-05-09 00:14:00,170.508,170.533
1107,2023-05-09 00:14:01,170.5075,170.5325
1109,2023-05-09 00:14:02,170.508,170.533
1112,2023-05-09 00:14:03,170.509,170.534
1113,2023-05-09 00:14:04,170.51,170.535
1114,2023-05-09 00:14:05,170.516,170.541
1115,2023-05-09 00:14:08,170.515,170.54
1116,2023-05-09 00:14:09,170.515,170.54
1118,2023-05-09 00:14:10,170.52,170.545
1119,2023-05-09 00:14:11,170.519,170.544
1120,2023-05-09 00:14:12,170.52,170.545
1121,2023-05-09 00:14:13,170.521,170.546
1124,2023-05-09 00:14:14,170.51,170.535
1125,2023-05-09 00:14:16,170.512,170.537
1126,2023-05-09 00:14:19,170.51350000000002,170.5385
1128,2023-05-09 00:14:20,170.516,170.541
1129,2023-05-09 00:14:22,170.515,170.54
1130,2023-05-09 00:14:23,170.516,170.541
1131,2023-05-09 00:14:27,170.515,170.54
1132,2023-05-09 00:14:28,170.517,170.542
1133,2023-05-09 00:14:29,170.519,170.544
1136,2023-05-09 00:14:30,170.521,170.546
1137,2023-05-09 00:14:31,170.522,170.547
1138,2023-05-09 00:14:32,170.523,170.548
1141,2023-05-09 00:14:33,170.52249999999998,170.5475
1143,2023-05-09 00:14:34,170.5215,170.54649999999998
1145,2023-05-09 00:14:35,170.526,170.551
1147,2023-05-09 00:14:36,170.53449999999998,170.5595
1149,2023-05-09 00:14:37,170.54649999999998,170.57150000000001
1153,2023-05-09 00:14:38,170.557,170.582
1156,2023-05-09 00:14:39,170.551,170.576
1158,2023-05-09 00:14:40,170.553,170.578
1160,2023-05-09 00:14:41,170.551,170.576
1161,2023-05-09 00:14:42,170.5525,170.5775
1163,2023-05-09 00:14:43,170.556,170.581
1164,2023-05-09 00:14:44,170.555,170.57999999999998
1166,2023-05-09 00:14:45,170.55450000000002,170.5795
1168,2023-05-09 00:14:46,170.553,170.578
1169,2023-05-09 00:14:47,170.554,170.579
1172,2023-05-09 00:14:48,170.55349999999999,170.57850000000002
1174,2023-05-09 00:14:49,170.5555,170.5805
1176,2023-05-09 00:14:50,170.551,170.576
1177,2023-05-09 00:14:53,170.558,170.583
1178,2023-05-09 00:14:54,170.555,170.57999999999998
1180,2023-05-09 00:14:55,170.554,170.579
1183,2023-05-09 00:14:56,170.55349999999999,170.57850000000002
1187,2023-05-09 00:14:57,170.5565,170.5815
1189,2023-05-09 00:14:58,170.555,170.58
1190,2023-05-09 00:14:59,170.552,170.577
1191,2023-05-09 00:15:00,170.551,170.576
1192,2023-05-09 00:15:01,170.55,170.575
1195,2023-05-09 00:15:02,170.5525,170.5775
1199,2023-05-09 00:15:03,170.555,170.58
1200,2023-05-09 00:15:04,170.542,170.567
1201,2023-05-09 00:15:05,170.53750000000002,170.5625
1203,2023-05-09 00:15:07,170.5365,170.56150000000002
1205,2023-05-09 00:15:08,170.53,170.555
1208,2023-05-09 00:15:09,170.538,170.563
1210,2023-05-09 00:15:10,170.544,170.569
1213,2023-05-09 00:15:11,170.54399999999998,170.56900000000002
1215,2023-05-09 00:15:12,170.5475,170.5725
1217,2023-05-09 00:15:13,170.547,170.572
1218,2023-05-09 00:15:14,170.548,170.573
1219,2023-05-09 00:15:15,170.547,170.572
1220,2023-05-09 00:15:18,170.536,170.561
1221,2023-05-09 00:15:19,170.537,170.562
1222,2023-05-09 00:15:20,170.534,170.559
1224,2023-05-09 00:15:23,170.533,170.558
1225,2023-05-09 00:15:24,170.532,170.557
1226,2023-05-09 00:15:27,170.5315,170.5565
1228,2023-05-09 00:15:28,170.533,170.558
1229,2023-05-09 00:15:29,170.534,170.559
1232,2023-05-09 00:15:30,170.5355,170.5605
1234,2023-05-09 00:15:31,170.535,170.56
1235,2023-05-09 00:15:32,170.535,170.56
1238,2023-05-09 00:15:33,170.535,170.56
1240,2023-05-09 00:15:34,170.5385,170.56349999999998
1242,2023-05-09 00:15:35,170.5385,170.56349999999998
1244,2023-05-09 00:15:36,170.539,170.564
1245,2023-05-09 00:15:37,170.538,170.563
1246,2023-05-09 00:15:38,170.539,170.564
1247,2023-05-09 00:15:39,170.5385,170.56349999999998
1249,2023-05-09 00:15:40,170.541,170.566
1250,2023-05-09 00:15:42,170.54,170.565
1251,2023-05-09 00:15:43,170.541,170.566
1252,2023-05-09 00:15:44,170.537,170.562
1255,2023-05-09 00:15:45,170.5335,170.55849999999998
1257,2023-05-09 00:15:46,170.536,170.561
1258,2023-05-09 00:15:47,170.535,170.56
1259,2023-05-09 00:15:49,170.536,170.561
1262,2023-05-09 00:15:50,170.538,170.563
1265,2023-05-09 00:15:51,170.543,170.56799999999998
1267,2023-05-09 00:15:54,170.543,170.568
1268,2023-05-09 00:15:55,170.543,170.56799999999998
1270,2023-05-09 00:15:56,170.543,170.568
1271,2023-05-09 00:15:57,170.547,170.572
1272,2023-05-09 00:15:59,170.546,170.571
1273,2023-05-09 00:16:00,170.54649999999998,170.57150000000001
1275,2023-05-09 00:16:01,170.54250000000002,170.5675
1279,2023-05-09 00:16:02,170.548,170.573
1280,2023-05-09 00:16:03,170.546,170.571
1283,2023-05-09 00:16:04,170.545,170.57
1284,2023-05-09 00:16:05,170.549,170.574
1287,2023-05-09 00:16:07,170.545,170.57
1288,2023-05-09 00:16:08,170.546,170.571
1291,2023-05-09 00:16:09,170.5485,170.57350000000002
1293,2023-05-09 00:16:10,170.55,170.575
1294,2023-05-09 00:16:11,170.55,170.575
1297,2023-05-09 00:16:12,170.54950000000002,170.5745
1299,2023-05-09 00:16:13,170.55,170.575
1300,2023-05-09 00:16:14,170.551,170.576
1301,2023-05-09 00:16:15,170.55,170.575
1304,2023-05-09 00:16:16,170.549,170.574
1307,2023-05-09 00:16:17,170.548,170.573
1308,2023-05-09 00:16:20,170.549,170.574
1309,2023-05-09 00:16:21,170.55,170.575
1312,2023-05-09 00:16:25,170.5475,170.5725
1314,2023-05-09 00:16:26,170.551,170.576
1315,2023-05-09 00:16:28,170.5525,170.5775
1317,2023-05-09 00:16:29,170.55149999999998,170.5765
1319,2023-05-09 00:16:30,170.55349999999999,170.57850000000002
1321,2023-05-09 00:16:31,170.553,170.578
1322,2023-05-09 00:16:32,170.552,170.577
1323,2023-05-09 00:16:34,170.555,170.57999999999998
1325,2023-05-09 00:16:41,170.545,170.57
1326,2023-05-09 00:16:42,170.546,170.571
1329,2023-05-09 00:16:43,170.551,170.576
1330,2023-05-09 00:16:44,170.548,170.573
1332,2023-05-09 00:16:45,170.551,170.576
1333,2023-05-09 00:16:46,170.548,170.573
1334,2023-05-09 00:16:47,170.549,170.574
1335,2023-05-09 00:16:49,170.548,170.573
1336,2023-05-09 00:16:50,170.544,170.569
1337,2023-05-09 00:16:51,170.5445,170.5695
1339,2023-05-09 00:16:52,170.5445,170.5695
1341,2023-05-09 00:16:53,170.542,170.567
1342,2023-05-09 00:16:54,170.544,170.569
1343,2023-05-09 00:16:55,170.5435,170.5685
1345,2023-05-09 00:16:56,170.55450000000002,170.5795
1347,2023-05-09 00:16:57,170.555,170.58
1348,2023-05-09 00:16:58,170.553,170.578
1349,2023-05-09 00:17:00,170.553,170.578
1350,2023-05-09 00:17:02,170.551,170.576
1352,2023-05-09 00:17:03,170.546,170.571
1355,2023-05-09 00:17:05,170.546,170.571
1356,2023-05-09 00:17:09,170.547,170.572
1357,2023-05-09 00:17:11,170.547,170.572
1360,2023-05-09 00:17:12,170.547,170.572
1361,2023-05-09 00:17:13,170.54649999999998,170.57150000000001
1363,2023-05-09 00:17:15,170.546,170.571
1364,2023-05-09 00:17:16,170.541,170.566
1366,2023-05-09 00:17:17,170.5395,170.5645
1370,2023-05-09 00:17:18,170.5395,170.5645
1372,2023-05-09 00:17:19,170.543,170.568
1373,2023-05-09 00:17:20,170.545,170.57
1374,2023-05-09 00:17:21,170.547,170.572
1376,2023-05-09 00:17:22,170.546,170.571
1378,2023-05-09 00:17:25,170.544,170.569
1379,2023-05-09 00:17:26,170.5475,170.5725
1381,2023-05-09 00:17:27,170.544,170.569
1385,2023-05-09 00:17:28,170.546,170.571
1386,2023-05-09 00:17:29,170.5485,170.57350000000002
1388,2023-05-09 00:17:30,170.55,170.575
1389,2023-05-09 00:17:31,170.551,170.576
1390,2023-05-09 00:17:32,170.5525,170.5775
1392,2023-05-09 00:17:33,170.554,170.579
1393,2023-05-09 00:17:35,170.555,170.58
1394,2023-05-09 00:17:37,170.553,170.578
1395,2023-05-09 00:17:38,170.55450000000002,170.5795
1397,2023-05-09 00:17:39,170.556,170.581
1398,2023-05-09 00:17:40,170.554,170.579
1402,2023-05-09 00:17:41,170.557,170.582
1403,2023-05-09 00:17:42,170.5565,170.5815
1405,2023-05-09 00:17:43,170.55,170.575
1406,2023-05-09 00:17:44,170.552,170.577
1407,2023-05-09 00:17:45,170.54950000000002,170.5745
1409,2023-05-09 00:17:46,170.55149999999998,170.5765
1411,2023-05-09 00:17:47,170.547,170.572
1414,2023-05-09 00:17:49,170.548,170.573
1415,2023-05-09 00:17:50,170.543,170.568
1416,2023-05-09 00:17:51,170.546,170.571
1419,2023-05-09 00:17:52,170.548,170.573
1420,2023-05-09 00:17:53,170.54,170.565
1423,2023-05-09 00:17:54,170.54,170.565
1424,2023-05-09 00:17:56,170.5435,170.5685
1426,2023-05-09 00:17:58,170.543,170.568
1429,2023-05-09 00:18:00,170.5445,170.5695
1431,2023-05-09 00:18:01,170.544,170.569
1432,2023-05-09 00:18:02,170.543,170.568
1433,2023-05-09 00:18:03,170.5455,170.57049999999998
1435,2023-05-09 00:18:04,170.546,170.571
1438,2023-05-09 00:18:06,170.5445,170.5695
1440,2023-05-09 00:18:07,170.543,170.568
1443,2023-05-09 00:18:08,170.545,170.57
1446,2023-05-09 00:18:09,170.547,170.572
1447,2023-05-09 00:18:11,170.548,170.573
1448,2023-05-09 00:18:12,170.549,170.574
1449,2023-05-09 00:18:15,170.555,170.58
1452,2023-05-09 00:18:17,170.554,170.579
1453,2023-05-09 00:18:18,170.55349999999999,170.57850000000002
1455,2023-05-09 00:18:19,170.555,170.58
1456,2023-05-09 00:18:22,170.5555,170.5805
1458,2023-05-09 00:18:25,170.5555,170.5805
1460,2023-05-09 00:18:26,170.556,170.581
1461,2023-05-09 00:18:27,170.555,170.58
1462,2023-05-09 00:18:28,170.554,170.579
1463,2023-05-09 00:18:32,170.558,170.583
1464,2023-05-09 00:18:34,170.557,170.582
1465,2023-05-09 00:18:35,170.554,170.579
1466,2023-05-09 00:18:36,170.553,170.578
1467,2023-05-09 00:18:37,170.5445,170.5695
1469,2023-05-09 00:18:38,170.538,170.563
1472,2023-05-09 00:18:40,170.5355,170.5605
1474,2023-05-09 00:18:41,170.537,170.562
1475,2023-05-09 00:18:42,170.546,170.571
1476,2023-05-09 00:18:43,170.5445,170.5695
1478,2023-05-09 00:18:46,170.544,170.569
1479,2023-05-09 00:18:48,170.54399999999998,170.56900000000002
1481,2023-05-09 00:18:49,170.5455,170.57049999999998
1483,2023-05-09 00:18:50,170.545,170.57
1484,2023-05-09 00:18:51,170.5455,170.57049999999998
1486,2023-05-09 00:18:52,170.547,170.572
1489,2023-05-09 00:18:53,170.546,170.571
1490,2023-05-09 00:18:54,170.547,170.572
1491,2023-05-09 00:18:55,170.548,170.573
1492,2023-05-09 00:18:56,170.54649999999998,170.57150000000001
1496,2023-05-09 00:18:57,170.545,170.57
1497,2023-05-09 00:18:58,170.5435,170.5685
1499,2023-05-09 00:18:59,170.545,170.57
1500,2023-05-09 00:19:00,170.545,170.57
1503,2023-05-09 00:19:01,170.5405,170.5655
1505,2023-05-09 00:19:02,170.536,170.561
1506,2023-05-09 00:19:03,170.534,170.559
1507,2023-05-09 00:19:05,170.53449999999998,170.5595
1509,2023-05-09 00:19:06,170.533,170.558
1510,2023-05-09 00:19:08,170.532,170.557
1511,2023-05-09 00:19:09,170.535,170.56
1513,2023-05-09 00:19:10,170.53300000000002,170.558
1517,2023-05-09 00:19:14,170.528,170.553
1518,2023-05-09 00:19:15,170.5265,170.55149999999998
1520,2023-05-09 00:19:17,170.523,170.548
1521,2023-05-09 00:19:18,170.532,170.557
1524,2023-05-09 00:19:20,170.53,170.555
1525,2023-05-09 00:19:21,170.533,170.558
1526,2023-05-09 00:19:22,170.536,170.56099999999998
1528,2023-05-09 00:19:23,170.536,170.561
1529,2023-05-09 00:19:25,170.535,170.56
1530,2023-05-09 00:19:27,170.536,170.561
1531,2023-05-09 00:19:29,170.535,170.56
1532,2023-05-09 00:19:30,170.526,170.551
1535,2023-05-09 00:19:31,170.515,170.54
1536,2023-05-09 00:19:32,170.518,170.543
1539,2023-05-09 00:19:34,170.5165,170.54149999999998
1541,2023-05-09 00:19:35,170.517,170.542
1542,2023-05-09 00:19:36,170.507,170.53199999999998
1544,2023-05-09 00:19:37,170.505,170.53
1546,2023-05-09 00:19:38,170.50349999999997,170.5285
1548,2023-05-09 00:19:39,170.509,170.534
1549,2023-05-09 00:19:40,170.505,170.53
1550,2023-05-09 00:19:41,170.507,170.53199999999998
1552,2023-05-09 00:19:42,170.511,170.536
1555,2023-05-09 00:19:43,170.509,170.534
1558,2023-05-09 00:19:44,170.51,170.535
1560,2023-05-09 00:19:45,170.512,170.537
1561,2023-05-09 00:19:48,170.51,170.535
1562,2023-05-09 00:19:50,170.515,170.54
1563,2023-05-09 00:19:56,170.514,170.539
1564,2023-05-09 00:19:58,170.513,170.538
1567,2023-05-09 00:19:59,170.50650000000002,170.5315
1569,2023-05-09 00:20:00,170.5045,170.52949999999998
1571,2023-05-09 00:20:03,170.5045,170.52949999999998
1573,2023-05-09 00:20:04,170.511,170.536
1575,2023-05-09 00:20:05,170.514,170.539
1576,2023-05-09 00:20:06,170.515,170.54
1577,2023-05-09 00:20:07,170.516,170.541
1578,2023-05-09 00:20:08,170.518,170.543
1579,2023-05-09 00:20:11,170.519,170.544
1580,2023-05-09 00:20:14,170.518,170.543
1581,2023-05-09 00:20:15,170.51350000000002,170.5385
1583,2023-05-09 00:20:16,170.514,170.539
1584,2023-05-09 00:20:18,170.513,170.538
1585,2023-05-09 00:20:19,170.512,170.537
1588,2023-05-09 00:20:20,170.513,170.538
1589,2023-05-09 00:20:21,170.514,170.539
1591,2023-05-09 00:20:22,170.5145,170.5395
1593,2023-05-09 00:20:25,170.51,170.535
1595,2023-05-09 00:20:28,170.5115,170.5365
1597,2023-05-09 00:20:29,170.5145,170.53949999999998
1599,2023-05-09 00:20:30,170.514,170.539
1600,2023-05-09 00:20:31,170.51350000000002,170.5385
1602,2023-05-09 00:20:32,170.513,170.538
1603,2023-05-09 00:20:33,170.51850000000002,170.5435
1605,2023-05-09 00:20:41,170.522,170.547
1606,2023-05-09 00:20:42,170.523,170.548
1607,2023-05-09 00:20:43,170.5265,170.5515
1609,2023-05-09 00:20:45,170.5245,170.54950000000002
1611,2023-05-09 00:20:46,170.522,170.547
1614,2023-05-09 00:20:47,170.5215,170.54649999999998
1616,2023-05-09 00:20:48,170.522,170.547
1620,2023-05-09 00:20:49,170.52249999999998,170.5475
1622,2023-05-09 00:20:51,170.529,170.554
1625,2023-05-09 00:20:52,170.531,170.556
1626,2023-05-09 00:20:53,170.529,170.554
1627,2023-05-09 00:20:54,170.533,170.558
1630,2023-05-09 00:20:55,170.531,170.556
1633,2023-05-09 00:20:56,170.532,170.557
1634,2023-05-09 00:20:57,170.533,170.558
1635,2023-05-09 00:20:58,170.535,170.56
1637,2023-05-09 00:20:59,170.534,170.559
1638,2023-05-09 00:21:00,170.538,170.563
1640,2023-05-09 00:21:01,170.54,170.565
1643,2023-05-09 00:21:03,170.542,170.567
1644,2023-05-09 00:21:06,170.5405,170.5655
1646,2023-05-09 00:21:07,170.54149999999998,170.56650000000002
1648,2023-05-09 00:21:08,170.541,170.566
1649,2023-05-09 00:21:09,170.5405,170.5655
1651,2023-05-09 00:21:10,170.5405,170.5655
1653,2023-05-09 00:21:14,170.5405,170.5655
1655,2023-05-09 00:21:15,170.55,170.575
1656,2023-05-09 00:21:16,170.549,170.574
1657,2023-05-09 00:21:17,170.551,170.576
1658,2023-05-09 00:21:20,170.552,170.577
1660,2023-05-09 00:21:22,170.55149999999998,170.5765
1662,2023-05-09 00:21:23,170.552,170.577
1663,2023-05-09 00:21:24,170.553,170.578
1664,2023-05-09 00:21:25,170.555,170.58
1665,2023-05-09 00:21:26,170.554,170.579
1666,2023-05-09 00:21:31,170.55700000000002,170.582
1668,2023-05-09 00:21:35,170.559,170.584
1669,2023-05-09 00:21:36,170.5575,170.58249999999998
1671,2023-05-09 00:21:37,170.558,170.583
1672,2023-05-09 00:21:38,170.559,170.584
1673,2023-05-09 00:21:39,170.56,170.585
1674,2023-05-09 00:21:40,170.561,170.586
1675,2023-05-09 00:21:41,170.563,170.588
1677,2023-05-09 00:21:42,170.565,170.59
1680,2023-05-09 00:21:44,170.564,170.589
1681,2023-05-09 00:21:46,170.565,170.59
1682,2023-05-09 00:21:47,170.564,170.589
1683,2023-05-09 00:21:49,170.565,170.59
1684,2023-05-09 00:21:57,170.564,170.589
1685,2023-05-09 00:21:58,170.565,170.59
1686,2023-05-09 00:21:59,170.5645,170.5895
1688,2023-05-09 00:22:00,170.565,170.59
1689,2023-05-09 00:22:01,170.564,170.589
1690,2023-05-09 00:22:02,170.559,170.584
1694,2023-05-09 00:22:03,170.56,170.585
1697,2023-05-09 00:22:04,170.56,170.585
1698,2023-05-09 00:22:05,170.5605,170.58550000000002
1700,2023-05-09 00:22:06,170.561,170.586
1701,2023-05-09 00:22:07,170.561,170.586
1704,2023-05-09 00:22:08,170.56,170.585
1705,2023-05-09 00:22:10,170.559,170.584
1707,2023-05-09 00:22:11,170.56,170.585
1708,2023-05-09 00:22:13,170.562,170.587
1709,2023-05-09 00:22:16,170.561,170.586
1710,2023-05-09 00:22:19,170.562,170.587
1711,2023-05-09 00:22:20,170.563,170.588
1712,2023-05-09 00:22:26,170.564,170.589
1713,2023-05-09 00:22:27,170.566,170.591
1714,2023-05-09 00:22:30,170.57150000000001,170.5965
1716,2023-05-09 00:22:31,170.574,170.599
1719,2023-05-09 00:22:32,170.573,170.598
1720,2023-05-09 00:22:33,170.574,170.599
1721,2023-05-09 00:22:37,170.57,170.595
1724,2023-05-09 00:22:41,170.571,170.596
1725,2023-05-09 00:22:44,170.57,170.595
1726,2023-05-09 00:22:45,170.571,170.596
1727,2023-05-09 00:22:46,170.57,170.595
1728,2023-05-09 00:22:47,170.5655,170.5905
1732,2023-05-09 00:22:48,170.559,170.584
1733,2023-05-09 00:22:49,170.56,170.585
1734,2023-05-09 00:22:50,170.561,170.586
1735,2023-05-09 00:22:51,170.559,170.584
1736,2023-05-09 00:22:53,170.559,170.584
1738,2023-05-09 00:22:55,170.561,170.586
1739,2023-05-09 00:22:57,170.558,170.583
1740,2023-05-09 00:23:00,170.557,170.582
1741,2023-05-09 00:23:07,170.561,170.586
1742,2023-05-09 00:23:08,170.561,170.586
1744,2023-05-09 00:23:09,170.559,170.584
1745,2023-05-09 00:23:10,170.56150000000002,170.5865
1747,2023-05-09 00:23:11,170.559,170.584
1750,2023-05-09 00:23:12,170.556,170.581
1751,2023-05-09 00:23:13,170.5565,170.5815
1753,2023-05-09 00:23:14,170.5505,170.57549999999998
1757,2023-05-09 00:23:15,170.545,170.57
1758,2023-05-09 00:23:16,170.54649999999998,170.57150000000001
1760,2023-05-09 00:23:17,170.548,170.573
1763,2023-05-09 00:23:18,170.54950000000002,170.5745
1767,2023-05-09 00:23:19,170.55599999999998,170.58100000000002
1769,2023-05-09 00:23:21,170.564,170.589
1770,2023-05-09 00:23:22,170.5605,170.58550000000002
1772,2023-05-09 00:23:23,170.559,170.584
1773,2023-05-09 00:23:26,170.561,170.586
1776,2023-05-09 00:23:27,170.5615,170.5865
1780,2023-05-09 00:23:28,170.559,170.584
1783,2023-05-09 00:23:29,170.56,170.585
1784,2023-05-09 00:23:30,170.556,170.581
1788,2023-05-09 00:23:33,170.557,170.582
1789,2023-05-09 00:23:34,170.556,170.581
1790,2023-05-09 00:23:36,170.556,170.581
1793,2023-05-09 00:23:37,170.5565,170.5815
1795,2023-05-09 00:23:38,170.557,170.582
1796,2023-05-09 00:23:43,170.558,170.583
1797,2023-05-09 00:23:46,170.55849999999998,170.58350000000002
1799,2023-05-09 00:23:48,170.556,170.581
1800,2023-05-09 00:23:49,170.557,170.582
1801,2023-05-09 00:23:50,170.553,170.578
1802,2023-05-09 00:23:51,170.54649999999998,170.57150000000001
1806,2023-05-09 00:23:52,170.54649999999998,170.57150000000001
1808,2023-05-09 00:23:53,170.5475,170.5725
1810,2023-05-09 00:23:55,170.554,170.579
1811,2023-05-09 00:23:56,170.551,170.576
1812,2023-05-09 00:23:57,170.551,170.576
1816,2023-05-09 00:24:00,170.551,170.576
1819,2023-05-09 00:24:01,170.5525,170.5775
1821,2023-05-09 00:24:02,170.551,170.576
1822,2023-05-09 00:24:03,170.552,170.577
1825,2023-05-09 00:24:04,170.55,170.575
1826,2023-05-09 00:24:05,170.5505,170.57549999999998
1828,2023-05-09 00:24:06,170.55149999999998,170.5765
1830,2023-05-09 00:24:07,170.548,170.573
1831,2023-05-09 00:24:08,170.548,170.573
1834,2023-05-09 00:24:09,170.55,170.575
1835,2023-05-09 00:24:10,170.549,170.574
1836,2023-05-09 00:24:11,170.5495,170.5745
1838,2023-05-09 00:24:12,170.551,170.576
1841,2023-05-09 00:24:13,170.548,170.573
1844,2023-05-09 00:24:15,170.549,170.574
1845,2023-05-09 00:24:16,170.545,170.57
1846,2023-05-09 00:24:17,170.548,170.573
1847,2023-05-09 00:24:18,170.54649999999998,170.57150000000001
1849,2023-05-09 00:24:20,170.547,170.572
1850,2023-05-09 00:24:21,170.549,170.574
1851,2023-05-09 00:24:22,170.552,170.577
1853,2023-05-09 00:24:23,170.554,170.579
1855,2023-05-09 00:24:24,170.55,170.575
1856,2023-05-09 00:24:25,170.551,170.576
1857,2023-05-09 00:24:26,170.552,170.577
1858,2023-05-09 00:24:27,170.554,170.579
1859,2023-05-09 00:24:28,170.55,170.575
1862,2023-05-09 00:24:31,170.55349999999999,170.57850000000002
1866,2023-05-09 00:24:32,170.55,170.575
1869,2023-05-09 00:24:34,170.554,170.579
1870,2023-05-09 00:24:35,170.551,170.576
1873,2023-05-09 00:24:37,170.5565,170.5815
1875,2023-05-09 00:24:38,170.557,170.582
1876,2023-05-09 00:24:39,170.558,170.583
1877,2023-05-09 00:24:40,170.557,170.582
1880,2023-05-09 00:24:42,170.558,170.583
1883,2023-05-09 00:24:43,170.558,170.583
1884,2023-05-09 00:24:45,170.562,170.587
1885,2023-05-09 00:24:46,170.5645,170.5895
1887,2023-05-09 00:24:47,170.5645,170.5895
1889,2023-05-09 00:24:48,170.5645,170.5895
1891,2023-05-09 00:24:49,170.565,170.59
1892,2023-05-09 00:24:50,170.564,170.589
1893,2023-05-09 00:24:51,170.565,170.59
1894,2023-05-09 00:24:52,170.57,170.595
1897,2023-05-09 00:24:54,170.571,170.596
1898,2023-05-09 00:24:57,170.5695,170.59449999999998
1900,2023-05-09 00:24:59,170.5675,170.5925
1902,2023-05-09 00:25:00,170.568,170.593
1903,2023-05-09 00:25:01,170.569,170.594
1904,2023-05-09 00:25:02,170.568,170.593
1905,2023-05-09 00:25:03,170.569,170.594
1906,2023-05-09 00:25:04,170.57,170.595
1907,2023-05-09 00:25:05,170.57049999999998,170.59550000000002
1909,2023-05-09 00:25:06,170.571,170.596
1910,2023-05-09 00:25:07,170.572,170.597
1913,2023-05-09 00:25:08,170.582,170.607
1914,2023-05-09 00:25:09,170.58350000000002,170.6085
1916,2023-05-09 00:25:11,170.582,170.607
1917,2023-05-09 00:25:12,170.579,170.604
1918,2023-05-09 00:25:13,170.5745,170.59949999999998
1920,2023-05-09 00:25:14,170.5745,170.59949999999998
1924,2023-05-09 00:25:15,170.579,170.604
1925,2023-05-09 00:25:16,170.57850000000002,170.6035
1927,2023-05-09 00:25:17,170.574,170.599
1929,2023-05-09 00:25:18,170.573,170.598
1930,2023-05-09 00:25:19,170.577,170.602
1933,2023-05-09 00:25:20,170.578,170.603
1934,2023-05-09 00:25:21,170.577,170.602
1935,2023-05-09 00:25:22,170.576,170.601
1936,2023-05-09 00:25:23,170.577,170.602
1937,2023-05-09 00:25:26,170.578,170.603
1938,2023-05-09 00:25:27,170.582,170.607
1939,2023-05-09 00:25:28,170.5775,170.60250000000002
1941,2023-05-09 00:25:32,170.57549999999998,170.6005
1943,2023-05-09 00:25:34,170.579,170.604
1944,2023-05-09 00:25:39,170.57850000000002,170.6035
1946,2023-05-09 00:25:41,170.577,170.602
1947,2023-05-09 00:25:44,170.58,170.605
1948,2023-05-09 00:25:46,170.578,170.603
1949,2023-05-09 00:25:48,170.577,170.602
1950,2023-05-09 00:25:49,170.5765,170.6015
1952,2023-05-09 00:25:50,170.576,170.601
1953,2023-05-09 00:25:51,170.5775,170.60250000000002
1955,2023-05-09 00:25:53,170.581,170.606
1956,2023-05-09 00:25:54,170.584,170.609
1957,2023-05-09 00:25:55,170.585,170.61
1958,2023-05-09 00:25:56,170.586,170.611
1959,2023-05-09 00:25:58,170.585,170.61
1960,2023-05-09 00:26:00,170.585,170.61
1961,2023-05-09 00:26:01,170.584,170.609
1962,2023-05-09 00:26:09,170.586,170.611
1963,2023-05-09 00:26:10,170.57999999999998,170.60500000000002
1965,2023-05-09 00:26:12,170.581,170.606
1968,2023-05-09 00:26:14,170.58350000000002,170.6085
1970,2023-05-09 00:26:15,170.5815,170.60649999999998
1972,2023-05-09 00:26:17,170.582,170.607
1974,2023-05-09 00:26:19,170.582,170.607
1975,2023-05-09 00:26:20,170.579,170.604
1978,2023-05-09 00:26:22,170.577,170.602
1979,2023-05-09 00:26:25,170.573,170.598
1980,2023-05-09 00:26:26,170.571,170.596
1981,2023-05-09 00:26:30,170.57150000000001,170.5965
1983,2023-05-09 00:26:31,170.5725,170.59750000000003
1985,2023-05-09 00:26:33,170.572,170.597
1986,2023-05-09 00:26:34,170.578,170.603
1987,2023-05-09 00:26:35,170.577,170.602
1988,2023-05-09 00:26:37,170.5645,170.5895
1990,2023-05-09 00:26:38,170.562,170.587
1991,2023-05-09 00:26:40,170.5625,170.58749999999998
1993,2023-05-09 00:26:41,170.562,170.587
1996,2023-05-09 00:26:42,170.559,170.584
1997,2023-05-09 00:26:46,170.55599999999998,170.58100000000002
1999,2023-05-09 00:26:47,170.549,170.574
2002,2023-05-09 00:26:48,170.545,170.57
2003,2023-05-09 00:26:49,170.5475,170.5725
2005,2023-05-09 00:26:50,170.55,170.575
2006,2023-05-09 00:26:51,170.554,170.579
2008,2023-05-09 00:26:52,170.558,170.583
2011,2023-05-09 00:26:53,170.557,170.582
2012,2023-05-09 00:26:54,170.558,170.583
2013,2023-05-09 00:26:57,170.557,170.582
2014,2023-05-09 00:26:58,170.558,170.583
2015,2023-05-09 00:27:00,170.558,170.583
2016,2023-05-09 00:27:01,170.5575,170.58249999999998
2018,2023-05-09 00:27:03,170.56,170.585
2019,2023-05-09 00:27:04,170.561,170.586
2020,2023-05-09 00:27:09,170.56,170.585
2021,2023-05-09 00:27:11,170.558,170.583
2023,2023-05-09 00:27:12,170.551,170.576
2024,2023-05-09 00:27:14,170.552,170.577
2025,2023-05-09 00:27:16,170.553,170.578
2026,2023-05-09 00:27:21,170.551,170.576
2027,2023-05-09 00:27:22,170.549,170.574
2030,2023-05-09 00:27:23,170.547,170.572
2031,2023-05-09 00:27:25,170.548,170.573
2034,2023-05-09 00:27:29,170.55,170.575
2036,2023-05-09 00:27:31,170.5485,170.57350000000002
2038,2023-05-09 00:27:32,170.551,170.576
2039,2023-05-09 00:27:34,170.553,170.578
2040,2023-05-09 00:27:35,170.55450000000002,170.5795
2042,2023-05-09 00:27:36,170.556,170.581
2043,2023-05-09 00:27:37,170.55849999999998,170.58350000000002
2045,2023-05-09 00:27:38,170.558,170.583
2046,2023-05-09 00:27:39,170.557,170.582
2047,2023-05-09 00:27:41,170.556,170.581
2048,2023-05-09 00:27:42,170.55349999999999,170.57850000000002
2050,2023-05-09 00:27:43,170.553,170.578
2051,2023-05-09 00:27:44,170.554,170.579
2052,2023-05-09 00:27:54,170.553,170.578
2053,2023-05-09 00:27:55,170.556,170.581
2054,2023-05-09 00:27:56,170.558,170.583
2055,2023-05-09 00:27:57,170.559,170.584
2058,2023-05-09 00:27:59,170.558,170.583
2059,2023-05-09 00:28:00,170.556,170.581
2060,2023-05-09 00:28:01,170.557,170.582
2061,2023-05-09 00:28:03,170.558,170.583
2062,2023-05-09 00:28:04,170.559,170.584
2065,2023-05-09 00:28:08,170.557,170.582
2066,2023-05-09 00:28:11,170.5515,170.5765
2068,2023-05-09 00:28:12,170.548,170.573
2069,2023-05-09 00:28:13,170.5505,170.57549999999998
2071,2023-05-09 00:28:14,170.549,170.574
2074,2023-05-09 00:28:16,170.5485,170.57350000000002
2076,2023-05-09 00:28:17,170.5555,170.5805
2078,2023-05-09 00:28:19,170.557,170.582
2079,2023-05-09 00:28:22,170.55599999999998,170.58100000000002
2081,2023-05-09 00:28:23,170.565,170.59
2082,2023-05-09 00:28:24,170.567,170.592
2083,2023-05-09 00:28:25,170.577,170.602
2084,2023-05-09 00:28:26,170.583,170.608
2085,2023-05-09 00:28:28,170.5815,170.60649999999998
2087,2023-05-09 00:28:29,170.58,170.605
2088,2023-05-09 00:28:30,170.58249999999998,170.60750000000002
2090,2023-05-09 00:28:32,170.581,170.606
2091,2023-05-09 00:28:35,170.5795,170.6045
2093,2023-05-09 00:28:36,170.582,170.607
2094,2023-05-09 00:28:39,170.581,170.606
2095,2023-05-09 00:28:42,170.579,170.604
2096,2023-05-09 00:28:43,170.582,170.607
2099,2023-05-09 00:28:46,170.583,170.608
2101,2023-05-09 00:28:48,170.583,170.608
2102,2023-05-09 00:28:50,170.582,170.607
2103,2023-05-09 00:29:00,170.58350000000002,170.6085
2105,2023-05-09 00:29:03,170.5895,170.61450000000002
2107,2023-05-09 00:29:04,170.586,170.611
2108,2023-05-09 00:29:05,170.587,170.612
2109,2023-05-09 00:29:09,170.588,170.613
2110,2023-05-09 00:29:11,170.595,170.62
2111,2023-05-09 00:29:17,170.594,170.619
2112,2023-05-09 00:29:18,170.59300000000002,170.618
2114,2023-05-09 00:29:20,170.5985,170.6235
2118,2023-05-09 00:29:21,170.607,170.632
2119,2023-05-09 00:29:22,170.6005,170.6255
2121,2023-05-09 00:29:23,170.597,170.622
2122,2023-05-09 00:29:25,170.5985,170.6235
2124,2023-05-09 00:29:27,170.602,170.627
2125,2023-05-09 00:29:28,170.601,170.626
2126,2023-05-09 00:29:30,170.602,170.627
2127,2023-05-09 00:29:37,170.601,170.626
2128,2023-05-09 00:29:38,170.607,170.632
2129,2023-05-09 00:29:39,170.602,170.627
2131,2023-05-09 00:29:40,170.604,170.629
2132,2023-05-09 00:29:42,170.603,170.628
2133,2023-05-09 00:29:43,170.6045,170.6295
2135,2023-05-09 00:29:47,170.603,170.628
2137,2023-05-09 00:29:48,170.601,170.626
2138,2023-05-09 00:29:52,170.602,170.627
2139,2023-05-09 00:29:53,170.59949999999998,170.6245
2141,2023-05-09 00:29:55,170.5935,170.61849999999998
2143,2023-05-09 00:29:56,170.59449999999998,170.61950000000002
2145,2023-05-09 00:29:58,170.594,170.619
2146,2023-05-09 00:29:59,170.591,170.616
2147,2023-05-09 00:30:00,170.585,170.61
2150,2023-05-09 00:30:01,170.582,170.607
2153,2023-05-09 00:30:02,170.584,170.609
2156,2023-05-09 00:30:03,170.59,170.615
2157,2023-05-09 00:30:04,170.58350000000002,170.6085
2159,2023-05-09 00:30:07,170.579,170.604
2160,2023-05-09 00:30:08,170.568,170.593
2163,2023-05-09 00:30:09,170.56150000000002,170.5865
2165,2023-05-09 00:30:10,170.557,170.582
2166,2023-05-09 00:30:11,170.5605,170.5855
2168,2023-05-09 00:30:12,170.56,170.585
2170,2023-05-09 00:30:14,170.5605,170.58550000000002
2172,2023-05-09 00:30:15,170.553,170.578
2175,2023-05-09 00:30:17,170.559,170.584
2178,2023-05-09 00:30:18,170.561,170.586
2179,2023-05-09 00:30:19,170.55149999999998,170.5765
2183,2023-05-09 00:30:20,170.5485,170.57350000000002
2185,2023-05-09 00:30:21,170.55,170.575
2188,2023-05-09 00:30:23,170.553,170.578
2189,2023-05-09 00:30:24,170.563,170.588
2192,2023-05-09 00:30:25,170.561,170.586
2193,2023-05-09 00:30:26,170.5655,170.59050000000002
2195,2023-05-09 00:30:27,170.56650000000002,170.5915
2197,2023-05-09 00:30:28,170.567,170.592
2198,2023-05-09 00:30:29,170.568,170.593
2199,2023-05-09 00:30:30,170.57049999999998,170.59550000000002
2203,2023-05-09 00:30:31,170.575,170.6
2206,2023-05-09 00:30:32,170.573,170.598
2207,2023-05-09 00:30:33,170.575,170.6
2208,2023-05-09 00:30:35,170.576,170.601
2209,2023-05-09 00:30:42,170.577,170.602
2210,2023-05-09 00:30:43,170.5775,170.60250000000002
2212,2023-05-09 00:30:44,170.578,170.603
2213,2023-05-09 00:30:46,170.583,170.608
2214,2023-05-09 00:30:56,170.584,170.609
2215,2023-05-09 00:30:59,170.58550000000002,170.6105
2217,2023-05-09 00:31:00,170.586,170.611
2219,2023-05-09 00:31:01,170.585,170.61
2220,2023-05-09 00:31:03,170.585,170.61
2223,2023-05-09 00:31:06,170.58749999999998,170.6125
2225,2023-05-09 00:31:10,170.5885,170.6135
2227,2023-05-09 00:31:14,170.596,170.621
2230,2023-05-09 00:31:16,170.59949999999998,170.6245
2232,2023-05-09 00:31:24,170.5965,170.62150000000003
2234,2023-05-09 00:31:26,170.596,170.621
2235,2023-05-09 00:31:28,170.597,170.622
2236,2023-05-09 00:31:32,170.596,170.621
2237,2023-05-09 00:31:34,170.597,170.622
2238,2023-05-09 00:31:38,170.596,170.621
2239,2023-05-09 00:31:41,170.59,170.615
2241,2023-05-09 00:31:42,170.58249999999998,170.60750000000002
2243,2023-05-09 00:31:43,170.57850000000002,170.6035
2245,2023-05-09 00:31:45,170.578,170.603
2246,2023-05-09 00:31:46,170.577,170.602
2247,2023-05-09 00:31:47,170.5765,170.6015
2249,2023-05-09 00:31:49,170.575,170.6
2250,2023-05-09 00:31:51,170.5765,170.6015
2252,2023-05-09 00:31:52,170.575,170.6
2253,2023-05-09 00:31:54,170.5725,170.59750000000003
2255,2023-05-09 00:31:56,170.571,170.596
2256,2023-05-09 00:31:57,170.562,170.587
2258,2023-05-09 00:31:58,170.557,170.582
2259,2023-05-09 00:31:59,170.5575,170.58249999999998
2261,2023-05-09 00:32:00,170.558,170.583
2263,2023-05-09 00:32:01,170.557,170.582
2266,2023-05-09 00:32:02,170.56,170.58499999999998
2268,2023-05-09 00:32:03,170.564,170.589
2269,2023-05-09 00:32:04,170.562,170.587
2270,2023-05-09 00:32:05,170.5605,170.5855
2272,2023-05-09 00:32:06,170.559,170.584
2273,2023-05-09 00:32:07,170.5595,170.5845
2277,2023-05-09 00:32:08,170.561,170.586
2279,2023-05-09 00:32:10,170.563,170.588
2280,2023-05-09 00:32:12,170.564,170.589
2281,2023-05-09 00:32:14,170.565,170.59
2282,2023-05-09 00:32:20,170.562,170.587
2283,2023-05-09 00:32:23,170.563,170.588
2284,2023-05-09 00:32:24,170.561,170.586
2285,2023-05-09 00:32:25,170.559,170.584
2286,2023-05-09 00:32:28,170.56,170.585
2287,2023-05-09 00:32:29,170.559,170.584
2288,2023-05-09 00:32:34,170.5625,170.5875
2290,2023-05-09 00:32:41,170.562,170.587
2291,2023-05-09 00:32:42,170.561,170.586
2292,2023-05-09 00:32:44,170.558,170.583
2294,2023-05-09 00:32:46,170.557,170.582
2295,2023-05-09 00:32:47,170.558,170.583
2296,2023-05-09 00:32:50,170.563,170.588
2299,2023-05-09 00:32:53,170.56650000000002,170.5915
2301,2023-05-09 00:32:54,170.5685,170.5935
2303,2023-05-09 00:32:55,170.564,170.589
2305,2023-05-09 00:32:56,170.564,170.589
2306,2023-05-09 00:33:00,170.564,170.589
2307,2023-05-09 00:33:01,170.561,170.586
2310,2023-05-09 00:33:02,170.563,170.588
2311,2023-05-09 00:33:05,170.561,170.586
2312,2023-05-09 00:33:09,170.559,170.584
2313,2023-05-09 00:33:10,170.548,170.573
2315,2023-05-09 00:33:11,170.5435,170.5685
2317,2023-05-09 00:33:12,170.543,170.568
2320,2023-05-09 00:33:13,170.551,170.576
2323,2023-05-09 00:33:16,170.55,170.575
2324,2023-05-09 00:33:17,170.5505,170.57549999999998
2326,2023-05-09 00:33:19,170.555,170.58
2327,2023-05-09 00:33:24,170.556,170.581
2328,2023-05-09 00:33:25,170.555,170.58
2329,2023-05-09 00:33:26,170.554,170.579
2331,2023-05-09 00:33:27,170.5555,170.5805
2333,2023-05-09 00:33:28,170.5555,170.5805
2335,2023-05-09 00:33:29,170.556,170.581
2336,2023-05-09 00:33:30,170.558,170.583
2337,2023-05-09 00:33:31,170.559,170.584
2338,2023-05-09 00:33:34,170.56,170.585
2339,2023-05-09 00:33:35,170.562,170.587
2342,2023-05-09 00:33:36,170.553,170.578
2343,2023-05-09 00:33:37,170.55,170.575
2345,2023-05-09 00:33:38,170.5475,170.5725
2347,2023-05-09 00:33:39,170.5525,170.5775
2349,2023-05-09 00:33:40,170.555,170.58
2350,2023-05-09 00:33:41,170.553,170.578
2351,2023-05-09 00:33:42,170.555,170.58
2352,2023-05-09 00:33:43,170.556,170.581
2353,2023-05-09 00:33:44,170.557,170.582
2354,2023-05-09 00:33:45,170.555,170.58
2357,2023-05-09 00:33:46,170.556,170.581
2358,2023-05-09 00:33:47,170.554,170.579
2359,2023-05-09 00:33:48,170.55450000000002,170.5795
2361,2023-05-09 00:33:49,170.553,170.578
2362,2023-05-09 00:33:50,170.55450000000002,170.5795
2364,2023-05-09 00:33:51,170.554,170.579
2365,2023-05-09 00:33:53,170.555,170.58
2366,2023-05-09 00:33:56,170.551,170.576
2367,2023-05-09 00:33:59,170.55,170.575
2368,2023-05-09 00:34:00,170.55,170.575
2369,2023-05-09 00:34:10,170.5505,170.57549999999998
2371,2023-05-09 00:34:16,170.548,170.573
2372,2023-05-09 00:34:18,170.541,170.566
2375,2023-05-09 00:34:19,170.539,170.564
2376,2023-05-09 00:34:28,170.54,170.565
2377,2023-05-09 00:34:29,170.539,170.564
2378,2023-05-09 00:34:31,170.54,170.565
2379,2023-05-09 00:34:32,170.5445,170.5695
2381,2023-05-09 00:34:34,170.544,170.569
2382,2023-05-09 00:34:36,170.54250000000002,170.5675
2384,2023-05-09 00:34:37,170.543,170.568
2385,2023-05-09 00:34:38,170.54500000000002,170.57
2387,2023-05-09 00:34:42,170.539,170.564
2388,2023-05-09 00:34:46,170.537,170.562
2389,2023-05-09 00:34:47,170.5355,170.5605
2393,2023-05-09 00:34:48,170.533,170.558
2394,2023-05-09 00:34:51,170.5325,170.5575
2396,2023-05-09 00:34:52,170.532,170.557
2397,2023-05-09 00:34:53,170.5325,170.5575
2401,2023-05-09 00:34:54,170.535,170.56
2402,2023-05-09 00:34:56,170.53,170.555
2403,2023-05-09 00:34:57,170.531,170.556
2404,2023-05-09 00:35:00,170.5315,170.5565
2406,2023-05-09 00:35:05,170.52550000000002,170.5505
2408,2023-05-09 00:35:07,170.524,170.549
2409,2023-05-09 00:35:08,170.519,170.544
2410,2023-05-09 00:35:09,170.52,170.545
2411,2023-05-09 00:35:10,170.519,170.544
2412,2023-05-09 00:35:13,170.515,170.54
2413,2023-05-09 00:35:14,170.51049999999998,170.5355
2415,2023-05-09 00:35:15,170.511,170.536
2418,2023-05-09 00:35:17,170.51350000000002,170.5385
2420,2023-05-09 00:35:27,170.513,170.538
2421,2023-05-09 00:35:31,170.511,170.536
2422,2023-05-09 00:35:32,170.512,170.537
2423,2023-05-09 00:35:34,170.509,170.534
2424,2023-05-09 00:35:35,170.508,170.533
2425,2023-05-09 00:35:36,170.509,170.534
2426,2023-05-09 00:35:38,170.511,170.536
2430,2023-05-09 00:35:41,170.51,170.535
2432,2023-05-09 00:35:42,170.51,170.535
2433,2023-05-09 00:35:44,170.509,170.534
2434,2023-05-09 00:35:45,170.5115,170.5365
2436,2023-05-09 00:35:46,170.513,170.538
2437,2023-05-09 00:35:50,170.512,170.537
2438,2023-05-09 00:35:52,170.513,170.538
2439,2023-05-09 00:35:56,170.512,170.537
2440,2023-05-09 00:35:58,170.511,170.536
2441,2023-05-09 00:36:00,170.5115,170.5365
2443,2023-05-09 00:36:01,170.51350000000002,170.5385
2445,2023-05-09 00:36:02,170.5115,170.5365
2447,2023-05-09 00:36:03,170.511,170.536
2450,2023-05-09 00:36:04,170.51049999999998,170.5355
2452,2023-05-09 00:36:06,170.5135,170.5385
2456,2023-05-09 00:36:07,170.516,170.541
2457,2023-05-09 00:36:08,170.516,170.541
2459,2023-05-09 00:36:09,170.511,170.536
2462,2023-05-09 00:36:10,170.511,170.536
2463,2023-05-09 00:36:11,170.512,170.537
2464,2023-05-09 00:36:12,170.511,170.536
2465,2023-05-09 00:36:15,170.512,170.537
2466,2023-05-09 00:36:16,170.5125,170.53750000000002
2468,2023-05-09 00:36:17,170.51,170.535
2469,2023-05-09 00:36:18,170.509,170.534
2472,2023-05-09 00:36:19,170.511,170.536
2473,2023-05-09 00:36:21,170.51,170.535
2474,2023-05-09 00:36:24,170.508,170.533
2475,2023-05-09 00:36:26,170.50549999999998,170.53050000000002
2477,2023-05-09 00:36:27,170.505,170.53
2478,2023-05-09 00:36:30,170.506,170.531
2479,2023-05-09 00:36:31,170.507,170.532
2480,2023-05-09 00:36:32,170.506,170.531
2481,2023-05-09 00:36:33,170.508,170.533
2482,2023-05-09 00:36:35,170.50549999999998,170.53050000000002
2484,2023-05-09 00:36:40,170.503,170.528
2485,2023-05-09 00:36:41,170.50349999999997,170.5285
2489,2023-05-09 00:36:42,170.503,170.528
2490,2023-05-09 00:36:44,170.5025,170.52749999999997
2492,2023-05-09 00:36:45,170.50150000000002,170.5265
2494,2023-05-09 00:36:53,170.5,170.525
2495,2023-05-09 00:36:54,170.501,170.526
2496,2023-05-09 00:36:56,170.502,170.527
2497,2023-05-09 00:36:57,170.505,170.53
2498,2023-05-09 00:36:58,170.501,170.526
2499,2023-05-09 00:37:01,170.501,170.526
2500,2023-05-09 00:37:04,170.499,170.524
2501,2023-05-09 00:37:05,170.4995,170.5245
2503,2023-05-09 00:37:07,170.5,170.525
2504,2023-05-09 00:37:08,170.499,170.524
2505,2023-05-09 00:37:10,170.498,170.523
2506,2023-05-09 00:37:15,170.5,170.525
2507,2023-05-09 00:37:19,170.501,170.526
2508,2023-05-09 00:37:24,170.502,170.527
2509,2023-05-09 00:37:27,170.512,170.537
2510,2023-05-09 00:37:28,170.517,170.542
2513,2023-05-09 00:37:29,170.51749999999998,170.54250000000002
2515,2023-05-09 00:37:30,170.521,170.546
2516,2023-05-09 00:37:31,170.519,170.544
2517,2023-05-09 00:37:32,170.521,170.546
2518,2023-05-09 00:37:34,170.52,170.545
2519,2023-05-09 00:37:37,170.516,170.541
2520,2023-05-09 00:37:38,170.515,170.54
2521,2023-05-09 00:37:39,170.516,170.541
2522,2023-05-09 00:37:40,170.5145,170.5395
2524,2023-05-09 00:37:42,170.513,170.538
2525,2023-05-09 00:37:44,170.512,170.537
2526,2023-05-09 00:37:48,170.512,170.537
2528,2023-05-09 00:37:49,170.512,170.537
2529,2023-05-09 00:37:50,170.511,170.536
2530,2023-05-09 00:37:55,170.5115,170.5365
2532,2023-05-09 00:37:57,170.512,170.537
2533,2023-05-09 00:37:59,170.5,170.525
2536,2023-05-09 00:38:00,170.497,170.522
2538,2023-05-09 00:38:01,170.496,170.521
2541,2023-05-09 00:38:02,170.496,170.52100000000002
2543,2023-05-09 00:38:03,170.49650000000003,170.5215
2545,2023-05-09 00:38:05,170.496,170.521
2546,2023-05-09 00:38:06,170.497,170.522
2547,2023-05-09 00:38:07,170.496,170.521
2548,2023-05-09 00:38:08,170.498,170.523
2549,2023-05-09 00:38:12,170.497,170.522
2550,2023-05-09 00:38:15,170.49849999999998,170.5235
2552,2023-05-09 00:38:18,170.496,170.521
2553,2023-05-09 00:38:19,170.5005,170.52550000000002
2555,2023-05-09 00:38:24,170.502,170.527
2556,2023-05-09 00:38:26,170.503,170.528
2557,2023-05-09 00:38:28,170.5045,170.52949999999998
2559,2023-05-09 00:38:29,170.504,170.529
2560,2023-05-09 00:38:37,170.505,170.53
2561,2023-05-09 00:38:38,170.504,170.529
2562,2023-05-09 00:38:39,170.502,170.527
2563,2023-05-09 00:38:40,170.4995,170.5245
2565,2023-05-09 00:38:41,170.502,170.527
2566,2023-05-09 00:38:42,170.501,170.526
2567,2023-05-09 00:38:46,170.502,170.527
2568,2023-05-09 00:38:47,170.501,170.526
2571,2023-05-09 00:38:48,170.5,170.525
2572,2023-05-09 00:38:50,170.501,170.526
2573,2023-05-09 00:38:52,170.502,170.527
2574,2023-05-09 00:38:55,170.499,170.524
2577,2023-05-09 00:38:56,170.499,170.524
2578,2023-05-09 00:38:58,170.497,170.522
2580,2023-05-09 00:39:00,170.496,170.521
2581,2023-05-09 00:39:01,170.49,170.515
2583,2023-05-09 00:39:02,170.486,170.511
2586,2023-05-09 00:39:04,170.4855,170.51049999999998
2588,2023-05-09 00:39:05,170.48649999999998,170.5115
2590,2023-05-09 00:39:07,170.48450000000003,170.5095
2592,2023-05-09 00:39:08,170.484,170.509
2593,2023-05-09 00:39:14,170.475,170.5
2594,2023-05-09 00:39:15,170.48,170.505
2595,2023-05-09 00:39:16,170.479,170.504
2596,2023-05-09 00:39:17,170.48,170.505
2597,2023-05-09 00:39:18,170.4785,170.5035
2599,2023-05-09 00:39:19,170.481,170.506
2600,2023-05-09 00:39:20,170.4795,170.5045
2602,2023-05-09 00:39:21,170.48,170.505
2603,2023-05-09 00:39:22,170.482,170.507
2604,2023-05-09 00:39:23,170.48649999999998,170.5115
2606,2023-05-09 00:39:24,170.483,170.508
2609,2023-05-09 00:39:27,170.48649999999998,170.5115
2611,2023-05-09 00:39:28,170.4875,170.5125
2613,2023-05-09 00:39:29,170.487,170.512
2614,2023-05-09 00:39:30,170.485,170.51
2615,2023-05-09 00:39:31,170.4875,170.5125
2617,2023-05-09 00:39:33,170.488,170.513
2618,2023-05-09 00:39:35,170.4875,170.5125
2620,2023-05-09 00:39:37,170.486,170.511
2621,2023-05-09 00:39:38,170.484,170.509
2622,2023-05-09 00:39:39,170.483,170.508
2623,2023-05-09 00:39:40,170.483,170.508
2626,2023-05-09 00:39:41,170.484,170.509
2627,2023-05-09 00:39:49,170.483,170.508
2628,2023-05-09 00:39:50,170.481,170.506
2629,2023-05-09 00:39:51,170.48,170.505
2630,2023-05-09 00:39:52,170.481,170.506
2631,2023-05-09 00:39:54,170.482,170.507
2632,2023-05-09 00:39:55,170.482,170.507
2634,2023-05-09 00:39:57,170.486,170.511
2635,2023-05-09 00:39:58,170.484,170.509
2636,2023-05-09 00:39:59,170.48149999999998,170.50650000000002
2638,2023-05-09 00:40:00,170.4805,170.50549999999998
2640,2023-05-09 00:40:01,170.482,170.507
2642,2023-05-09 00:40:09,170.482,170.507
2643,2023-05-09 00:40:10,170.48,170.505
2644,2023-05-09 00:40:11,170.481,170.506
2645,2023-05-09 00:40:12,170.482,170.507
2646,2023-05-09 00:40:13,170.481,170.506
2647,2023-05-09 00:40:15,170.482,170.507
2648,2023-05-09 00:40:16,170.482,170.507
2650,2023-05-09 00:40:21,170.482,170.507
2651,2023-05-09 00:40:23,170.483,170.508
2652,2023-05-09 00:40:24,170.482,170.507
2653,2023-05-09 00:40:25,170.481,170.506
2654,2023-05-09 00:40:32,170.482,170.507
2655,2023-05-09 00:40:33,170.481,170.506
2656,2023-05-09 00:40:35,170.482,170.507
2657,2023-05-09 00:40:38,170.48250000000002,170.5075
2659,2023-05-09 00:40:39,170.4755,170.5005
2661,2023-05-09 00:40:41,170.476,170.501
2662,2023-05-09 00:40:43,170.4765,170.50150000000002
2664,2023-05-09 00:40:45,170.477,170.502
2665,2023-05-09 00:40:50,170.47250000000003,170.4975
2667,2023-05-09 00:40:51,170.4715,170.49650000000003
2669,2023-05-09 00:40:52,170.471,170.496
2670,2023-05-09 00:40:53,170.4715,170.49650000000003
2672,2023-05-09 00:40:54,170.472,170.497
2673,2023-05-09 00:41:00,170.472,170.497
2674,2023-05-09 00:41:03,170.471,170.496
2675,2023-05-09 00:41:11,170.472,170.497
2676,2023-05-09 00:41:12,170.471,170.496
2677,2023-05-09 00:41:13,170.472,170.497
2678,2023-05-09 00:41:17,170.459,170.484
2681,2023-05-09 00:41:18,170.459,170.484
2682,2023-05-09 00:41:19,170.449,170.474
2683,2023-05-09 00:41:20,170.447,170.472
2685,2023-05-09 00:41:21,170.447,170.472
2688,2023-05-09 00:41:22,170.456,170.481
2689,2023-05-09 00:41:23,170.457,170.482
2690,2023-05-09 00:41:28,170.456,170.481
2691,2023-05-09 00:41:29,170.457,170.482
2692,2023-05-09 00:41:30,170.458,170.483
2693,2023-05-09 00:41:35,170.459,170.484
2694,2023-05-09 00:41:36,170.458,170.483
2695,2023-05-09 00:41:39,170.459,170.484
2696,2023-05-09 00:41:42,170.458,170.483
2697,2023-05-09 00:41:44,170.459,170.484
2698,2023-05-09 00:41:49,170.462,170.48700000000002
2700,2023-05-09 00:41:54,170.467,170.492
2701,2023-05-09 00:41:55,170.4675,170.4925
2703,2023-05-09 00:41:57,170.466,170.491
2704,2023-05-09 00:41:59,170.468,170.493
2705,2023-05-09 00:42:00,170.468,170.493
2706,2023-05-09 00:42:01,170.467,170.492
2707,2023-05-09 00:42:04,170.469,170.494
2710,2023-05-09 00:42:05,170.47,170.495
2711,2023-05-09 00:42:14,170.471,170.496
2712,2023-05-09 00:42:17,170.4795,170.5045
2714,2023-05-09 00:42:18,170.481,170.506
2715,2023-05-09 00:42:22,170.48,170.505
2716,2023-05-09 00:42:32,170.4805,170.50549999999998
2718,2023-05-09 00:42:39,170.48250000000002,170.5075
2720,2023-05-09 00:42:40,170.482,170.507
2721,2023-05-09 00:42:41,170.487,170.512
2724,2023-05-09 00:42:43,170.483,170.508
2725,2023-05-09 00:42:44,170.487,170.512
2726,2023-05-09 00:42:51,170.4845,170.5095
2728,2023-05-09 00:42:52,170.481,170.506
2729,2023-05-09 00:42:56,170.468,170.493
2732,2023-05-09 00:42:57,170.467,170.492
2733,2023-05-09 00:43:00,170.4675,170.4925
2735,2023-05-09 00:43:02,170.4685,170.49349999999998
2737,2023-05-09 00:43:03,170.4685,170.49349999999998
2739,2023-05-09 00:43:04,170.46800000000002,170.493
2741,2023-05-09 00:43:05,170.469,170.494
2742,2023-05-09 00:43:06,170.468,170.493
2743,2023-05-09 00:43:08,170.4675,170.4925
2745,2023-05-09 00:43:09,170.4665,170.4915
2747,2023-05-09 00:43:10,170.46550000000002,170.4905
2749,2023-05-09 00:43:11,170.468,170.493
2750,2023-05-09 00:43:12,170.467,170.492
2751,2023-05-09 00:43:15,170.4665,170.4915
2753,2023-05-09 00:43:20,170.468,170.493
2754,2023-05-09 00:43:21,170.469,170.494
2755,2023-05-09 00:43:22,170.46949999999998,170.49450000000002
2757,2023-05-09 00:43:25,170.4755,170.5005
2759,2023-05-09 00:43:26,170.477,170.502
2760,2023-05-09 00:43:29,170.4765,170.50150000000002
2762,2023-05-09 00:43:33,170.47199999999998,170.497
2764,2023-05-09 00:43:36,170.478,170.503
2765,2023-05-09 00:43:38,170.482,170.507
2766,2023-05-09 00:43:39,170.483,170.508
2767,2023-05-09 00:43:40,170.482,170.507
2768,2023-05-09 00:43:41,170.48149999999998,170.50650000000002
2770,2023-05-09 00:43:50,170.481,170.506
2771,2023-05-09 00:43:53,170.482,170.507
2772,2023-05-09 00:43:56,170.481,170.506
2773,2023-05-09 00:43:59,170.4855,170.51049999999998
2775,2023-05-09 00:44:00,170.487,170.512
2776,2023-05-09 00:44:02,170.488,170.513
2777,2023-05-09 00:44:04,170.487,170.512
2778,2023-05-09 00:44:09,170.4885,170.51350000000002
2780,2023-05-09 00:44:10,170.4875,170.5125
2782,2023-05-09 00:44:12,170.488,170.513
2783,2023-05-09 00:44:13,170.487,170.512
2784,2023-05-09 00:44:14,170.485,170.51
2785,2023-05-09 00:44:15,170.482,170.507
2786,2023-05-09 00:44:16,170.48149999999998,170.50650000000002
2788,2023-05-09 00:44:17,170.48149999999998,170.50650000000002
2790,2023-05-09 00:44:19,170.481,170.506
2791,2023-05-09 00:44:20,170.482,170.507
2792,2023-05-09 00:44:21,170.48149999999998,170.50650000000002
2794,2023-05-09 00:44:22,170.48149999999998,170.50650000000002
2796,2023-05-09 00:44:23,170.48149999999998,170.50650000000002
2798,2023-05-09 00:44:24,170.482,170.507
2801,2023-05-09 00:44:25,170.483,170.50799999999998
2803,2023-05-09 00:44:31,170.488,170.513
2806,2023-05-09 00:44:32,170.488,170.513
2807,2023-05-09 00:44:33,170.489,170.514
2808,2023-05-09 00:44:34,170.4885,170.51350000000002
2810,2023-05-09 00:44:37,170.48950000000002,170.5145
2812,2023-05-09 00:44:41,170.4875,170.5125
2814,2023-05-09 00:44:44,170.486,170.511
2815,2023-05-09 00:44:45,170.487,170.512
2816,2023-05-09 00:44:46,170.486,170.511
2817,2023-05-09 00:44:47,170.485,170.51
2818,2023-05-09 00:44:48,170.486,170.511
2819,2023-05-09 00:44:49,170.484,170.509
2820,2023-05-09 00:44:50,170.486,170.511
2821,2023-05-09 00:44:51,170.491,170.516
2822,2023-05-09 00:44:52,170.486,170.511
2824,2023-05-09 00:44:53,170.485,170.51
2828,2023-05-09 00:44:54,170.484,170.509
2829,2023-05-09 00:44:57,170.4875,170.5125
2831,2023-05-09 00:44:58,170.49,170.515
2833,2023-05-09 00:45:00,170.4875,170.5125
2835,2023-05-09 00:45:01,170.484,170.509
2836,2023-05-09 00:45:02,170.485,170.51
2837,2023-05-09 00:45:03,170.486,170.511
2838,2023-05-09 00:45:05,170.4855,170.51049999999998
2840,2023-05-09 00:45:10,170.487,170.512
2841,2023-05-09 00:45:11,170.488,170.513
2842,2023-05-09 00:45:12,170.489,170.514
2843,2023-05-09 00:45:13,170.49,170.515
2844,2023-05-09 00:45:15,170.489,170.514
2845,2023-05-09 00:45:16,170.488,170.513
2846,2023-05-09 00:45:18,170.486,170.511
2847,2023-05-09 00:45:20,170.4835,170.5085
2849,2023-05-09 00:45:22,170.4835,170.5085
2851,2023-05-09 00:45:26,170.482,170.507
2852,2023-05-09 00:45:27,170.4835,170.5085
2854,2023-05-09 00:45:28,170.485,170.51
2855,2023-05-09 00:45:29,170.486,170.511
2856,2023-05-09 00:45:30,170.48450000000003,170.5095
2858,2023-05-09 00:45:31,170.483,170.508
2859,2023-05-09 00:45:33,170.484,170.509
2860,2023-05-09 00:45:39,170.48250000000002,170.5075
2862,2023-05-09 00:45:41,170.4835,170.5085
2864,2023-05-09 00:45:43,170.484,170.509
2865,2023-05-09 00:45:45,170.485,170.51
2866,2023-05-09 00:45:48,170.482,170.507
2867,2023-05-09 00:45:51,170.478,170.503
2868,2023-05-09 00:45:53,170.479,170.504
2869,2023-05-09 00:45:55,170.48000000000002,170.505
2873,2023-05-09 00:45:56,170.48250000000002,170.5075
2875,2023-05-09 00:45:57,170.482,170.507
2876,2023-05-09 00:45:59,170.483,170.508
2877,2023-05-09 00:46:00,170.483,170.508
2878,2023-05-09 00:46:01,170.4835,170.5085
2880,2023-05-09 00:46:02,170.484,170.509
2881,2023-05-09 00:46:04,170.483,170.508
2882,2023-05-09 00:46:07,170.482,170.507
2883,2023-05-09 00:46:08,170.48250000000002,170.5075
2885,2023-05-09 00:46:11,170.488,170.513
2886,2023-05-09 00:46:12,170.487,170.512
2887,2023-05-09 00:46:13,170.48450000000003,170.5095
2889,2023-05-09 00:46:20,170.479,170.504
2890,2023-05-09 00:46:29,170.48,170.505
2891,2023-05-09 00:46:31,170.479,170.504
2892,2023-05-09 00:46:37,170.481,170.506
2893,2023-05-09 00:46:39,170.4805,170.50549999999998
2895,2023-05-09 00:46:40,170.48,170.505
2896,2023-05-09 00:46:46,170.479,170.504
2897,2023-05-09 00:46:51,170.48,170.505
2898,2023-05-09 00:46:54,170.4795,170.5045
2900,2023-05-09 00:46:55,170.479,170.504
2901,2023-05-09 00:46:56,170.48,170.505
2902,2023-05-09 00:46:57,170.479,170.504
2903,2023-05-09 00:46:58,170.4795,170.5045
2905,2023-05-09 00:47:00,170.479,170.504
2906,2023-05-09 00:47:05,170.483,170.508
2907,2023-05-09 00:47:06,170.486,170.511
2910,2023-05-09 00:47:10,170.48250000000002,170.5075
2912,2023-05-09 00:47:12,170.479,170.504
2913,2023-05-09 00:47:13,170.47899999999998,170.504
2915,2023-05-09 00:47:15,170.479,170.504
2916,2023-05-09 00:47:16,170.481,170.506
2917,2023-05-09 00:47:17,170.4855,170.51049999999998
2919,2023-05-09 00:47:18,170.486,170.511
2920,2023-05-09 00:47:19,170.492,170.517
2921,2023-05-09 00:47:20,170.496,170.521
2924,2023-05-09 00:47:21,170.495,170.52
2925,2023-05-09 00:47:22,170.498,170.523
2927,2023-05-09 00:47:23,170.496,170.52100000000002
2929,2023-05-09 00:47:27,170.493,170.518
2930,2023-05-09 00:47:28,170.494,170.519
2931,2023-05-09 00:47:30,170.493,170.518
2932,2023-05-09 00:47:31,170.493,170.518
2935,2023-05-09 00:47:32,170.493,170.518
2936,2023-05-09 00:47:39,170.493,170.518
2939,2023-05-09 00:47:40,170.492,170.517
2940,2023-05-09 00:47:43,170.493,170.518
2941,2023-05-09 00:47:48,170.494,170.519
2942,2023-05-09 00:47:51,170.493,170.518
2943,2023-05-09 00:47:53,170.492,170.517
2944,2023-05-09 00:47:54,170.493,170.518
2945,2023-05-09 00:47:58,170.494,170.519
2946,2023-05-09 00:48:00,170.494,170.519
2947,2023-05-09 00:48:01,170.493,170.518
2948,2023-05-09 00:48:04,170.499,170.524
2950,2023-05-09 00:48:05,170.499,170.524
2951,2023-05-09 00:48:06,170.5,170.525
2952,2023-05-09 00:48:07,170.495,170.52
2953,2023-05-09 00:48:08,170.493,170.518
2954,2023-05-09 00:48:09,170.492,170.517
2955,2023-05-09 00:48:10,170.49349999999998,170.51850000000002
2957,2023-05-09 00:48:11,170.498,170.523
2959,2023-05-09 00:48:12,170.4975,170.52249999999998
2961,2023-05-09 00:48:13,170.49650000000003,170.5215
2963,2023-05-09 00:48:14,170.49849999999998,170.5235
2965,2023-05-09 00:48:15,170.499,170.524
2966,2023-05-09 00:48:16,170.5,170.525
2967,2023-05-09 00:48:17,170.5005,170.52550000000002
2969,2023-05-09 00:48:18,170.499,170.524
2970,2023-05-09 00:48:19,170.5,170.525
2971,2023-05-09 00:48:20,170.5005,170.52550000000002
2973,2023-05-09 00:48:22,170.5025,170.52749999999997
2975,2023-05-09 00:48:23,170.501,170.526
2979,2023-05-09 00:48:24,170.501,170.526
2980,2023-05-09 00:48:25,170.502,170.527
2982,2023-05-09 00:48:26,170.502,170.527
2983,2023-05-09 00:48:27,170.503,170.528
2984,2023-05-09 00:48:28,170.505,170.53
2985,2023-05-09 00:48:29,170.50650000000002,170.5315
2989,2023-05-09 00:48:30,170.50799999999998,170.53300000000002
2991,2023-05-09 00:48:31,170.50549999999998,170.5305
2993,2023-05-09 00:48:32,170.5005,170.52550000000002
2995,2023-05-09 00:48:33,170.503,170.528
2997,2023-05-09 00:48:34,170.503,170.528
2998,2023-05-09 00:48:35,170.504,170.529
2999,2023-05-09 00:48:37,170.503,170.528
3000,2023-05-09 00:48:38,170.507,170.532
3001,2023-05-09 00:48:39,170.504,170.529
3002,2023-05-09 00:48:40,170.506,170.531
3003,2023-05-09 00:48:41,170.5095,170.53449999999998
3005,2023-05-09 00:48:42,170.509,170.534
3006,2023-05-09 00:48:44,170.508,170.533
3007,2023-05-09 00:48:46,170.509,170.534
3008,2023-05-09 00:48:47,170.499,170.524
3010,2023-05-09 00:48:48,170.4975,170.52249999999998
3012,2023-05-09 00:48:50,170.497,170.522
3013,2023-05-09 00:48:51,170.498,170.523
3014,2023-05-09 00:48:54,170.497,170.522
3015,2023-05-09 00:48:55,170.495,170.52
3016,2023-05-09 00:48:58,170.494,170.519
3017,2023-05-09 00:48:59,170.495,170.52
3018,2023-05-09 00:49:00,170.497,170.522
3020,2023-05-09 00:49:01,170.504,170.529
3021,2023-05-09 00:49:02,170.51,170.535
3022,2023-05-09 00:49:03,170.509,170.534
3025,2023-05-09 00:49:05,170.511,170.536
3027,2023-05-09 00:49:06,170.51049999999998,170.5355
3031,2023-05-09 00:49:07,170.509,170.534
3032,2023-05-09 00:49:08,170.512,170.537
3033,2023-05-09 00:49:09,170.50549999999998,170.53050000000002
3037,2023-05-09 00:49:10,170.50349999999997,170.5285
3039,2023-05-09 00:49:17,170.502,170.527
3040,2023-05-09 00:49:18,170.504,170.529
3041,2023-05-09 00:49:22,170.498,170.523
3042,2023-05-09 00:49:26,170.4975,170.52249999999998
3044,2023-05-09 00:49:28,170.499,170.524
3045,2023-05-09 00:49:31,170.5,170.525
3046,2023-05-09 00:49:32,170.499,170.524
3047,2023-05-09 00:49:33,170.498,170.523
3048,2023-05-09 00:49:38,170.487,170.512
3049,2023-05-09 00:49:39,170.486,170.511
3050,2023-05-09 00:49:40,170.485,170.51
3051,2023-05-09 00:49:43,170.486,170.511
3052,2023-05-09 00:49:49,170.487,170.512
3053,2023-05-09 00:49:50,170.488,170.513
3054,2023-05-09 00:49:53,170.49,170.515
3055,2023-05-09 00:49:54,170.487,170.512
3056,2023-05-09 00:49:55,170.4885,170.51350000000002
3058,2023-05-09 00:49:58,170.487,170.512
3061,2023-05-09 00:49:59,170.49450000000002,170.5195
3063,2023-05-09 00:50:00,170.4925,170.51749999999998
3065,2023-05-09 00:50:01,170.49200000000002,170.517
3067,2023-05-09 00:50:03,170.4915,170.5165
3069,2023-05-09 00:50:04,170.493,170.518
3070,2023-05-09 00:50:05,170.484,170.509
3073,2023-05-09 00:50:06,170.491,170.516
3076,2023-05-09 00:50:07,170.49650000000003,170.5215
3078,2023-05-09 00:50:09,170.497,170.522
3079,2023-05-09 00:50:10,170.499,170.524
3082,2023-05-09 00:50:14,170.503,170.528
3083,2023-05-09 00:50:15,170.504,170.529
3084,2023-05-09 00:50:18,170.502,170.527
3086,2023-05-09 00:50:19,170.5,170.525
3087,2023-05-09 00:50:20,170.503,170.528
3088,2023-05-09 00:50:24,170.501,170.526
3089,2023-05-09 00:50:25,170.5,170.525
3090,2023-05-09 00:50:26,170.501,170.526
3091,2023-05-09 00:50:28,170.502,170.527
3092,2023-05-09 00:50:29,170.505,170.53
3093,2023-05-09 00:50:30,170.504,170.529
3094,2023-05-09 00:50:31,170.503,170.528
3095,2023-05-09 00:50:33,170.50549999999998,170.53050000000002
3097,2023-05-09 00:50:34,170.5075,170.5325
3099,2023-05-09 00:50:35,170.505,170.53
3102,2023-05-09 00:50:36,170.507,170.532
3103,2023-05-09 00:50:37,170.506,170.531
3104,2023-05-09 00:50:38,170.507,170.532
3105,2023-05-09 00:50:39,170.508,170.533
3106,2023-05-09 00:50:41,170.506,170.531
3107,2023-05-09 00:50:42,170.507,170.532
3108,2023-05-09 00:50:43,170.511,170.536
3109,2023-05-09 00:50:45,170.511,170.536
3111,2023-05-09 00:50:47,170.513,170.538
3112,2023-05-09 00:50:51,170.514,170.539
3113,2023-05-09 00:50:52,170.5135,170.5385
3115,2023-05-09 00:50:53,170.51999999999998,170.54500000000002
3117,2023-05-09 00:50:54,170.5195,170.5445
3119,2023-05-09 00:50:56,170.52,170.545
3120,2023-05-09 00:51:00,170.52,170.545
3121,2023-05-09 00:51:01,170.522,170.547
3124,2023-05-09 00:51:02,170.525,170.55
3125,2023-05-09 00:51:04,170.521,170.546
3126,2023-05-09 00:51:05,170.523,170.548
3129,2023-05-09 00:51:06,170.527,170.552
3130,2023-05-09 00:51:07,170.52550000000002,170.5505
3132,2023-05-09 00:51:08,170.526,170.551
3133,2023-05-09 00:51:10,170.527,170.552
3134,2023-05-09 00:51:11,170.528,170.553
3135,2023-05-09 00:51:12,170.527,170.552
3136,2023-05-09 00:51:14,170.53,170.555
3137,2023-05-09 00:51:15,170.528,170.553
3140,2023-05-09 00:51:17,170.524,170.549
3141,2023-05-09 00:51:18,170.5245,170.5495
3143,2023-05-09 00:51:20,170.527,170.552
3145,2023-05-09 00:51:21,170.52550000000002,170.5505
3147,2023-05-09 00:51:23,170.525,170.55
3148,2023-05-09 00:51:24,170.524,170.549
3149,2023-05-09 00:51:25,170.525,170.55
3150,2023-05-09 00:51:26,170.526,170.551
3151,2023-05-09 00:51:29,170.52100000000002,170.546
3153,2023-05-09 00:51:30,170.517,170.542
3156,2023-05-09 00:51:31,170.521,170.546
3157,2023-05-09 00:51:32,170.522,170.547
3158,2023-05-09 00:51:33,170.5215,170.54649999999998
3160,2023-05-09 00:51:34,170.518,170.543
3163,2023-05-09 00:51:35,170.517,170.542
3164,2023-05-09 00:51:36,170.50150000000002,170.5265
3168,2023-05-09 00:51:37,170.494,170.519
3171,2023-05-09 00:51:38,170.48250000000002,170.5075
3173,2023-05-09 00:51:39,170.4755,170.5005
3175,2023-05-09 00:51:40,170.469,170.494
3176,2023-05-09 00:51:43,170.4795,170.5045
3180,2023-05-09 00:51:44,170.478,170.503
3183,2023-05-09 00:51:45,170.481,170.506
3185,2023-05-09 00:51:47,170.48649999999998,170.5115
3187,2023-05-09 00:51:48,170.49,170.515
3188,2023-05-09 00:51:49,170.492,170.517
3189,2023-05-09 00:51:50,170.4915,170.5165
3191,2023-05-09 00:51:51,170.49200000000002,170.517
3193,2023-05-09 00:51:52,170.485,170.51
3195,2023-05-09 00:51:53,170.4835,170.5085
3197,2023-05-09 00:51:54,170.485,170.51
3198,2023-05-09 00:51:55,170.489,170.514
3199,2023-05-09 00:51:56,170.491,170.516
3200,2023-05-09 00:51:58,170.492,170.517
3201,2023-05-09 00:51:59,170.4965,170.5215
3203,2023-05-09 00:52:00,170.4995,170.5245
3205,2023-05-09 00:52:01,170.5,170.525
3208,2023-05-09 00:52:03,170.5095,170.53449999999998
3210,2023-05-09 00:52:05,170.506,170.531
3211,2023-05-09 00:52:06,170.50650000000002,170.5315
3213,2023-05-09 00:52:07,170.504,170.529
3215,2023-05-09 00:52:09,170.506,170.531
3216,2023-05-09 00:52:10,170.501,170.526
3217,2023-05-09 00:52:12,170.4995,170.5245
3219,2023-05-09 00:52:13,170.501,170.526
3222,2023-05-09 00:52:15,170.5025,170.52749999999997
3224,2023-05-09 00:52:16,170.502,170.527
3225,2023-05-09 00:52:18,170.50349999999997,170.5285
3227,2023-05-09 00:52:19,170.505,170.53
3228,2023-05-09 00:52:22,170.502,170.527
3231,2023-05-09 00:52:23,170.505,170.53
3232,2023-05-09 00:52:24,170.50349999999997,170.5285
3234,2023-05-09 00:52:25,170.513,170.538
3237,2023-05-09 00:52:27,170.51049999999998,170.5355
3239,2023-05-09 00:52:28,170.509,170.534
3240,2023-05-09 00:52:29,170.514,170.539
3242,2023-05-09 00:52:31,170.512,170.537
3245,2023-05-09 00:52:32,170.51749999999998,170.54250000000002
3247,2023-05-09 00:52:34,170.529,170.554
3248,2023-05-09 00:52:35,170.527,170.552
3249,2023-05-09 00:52:36,170.526,170.551
3252,2023-05-09 00:52:37,170.5335,170.55849999999998
3254,2023-05-09 00:52:38,170.536,170.561
3255,2023-05-09 00:52:39,170.537,170.562
3256,2023-05-09 00:52:40,170.538,170.563
3257,2023-05-09 00:52:42,170.5355,170.5605
3259,2023-05-09 00:52:43,170.535,170.56
3260,2023-05-09 00:52:44,170.53750000000002,170.5625
3262,2023-05-09 00:52:45,170.53750000000002,170.5625
3264,2023-05-09 00:52:47,170.54649999999998,170.57150000000001
3266,2023-05-09 00:52:48,170.542,170.567
3267,2023-05-09 00:52:49,170.54,170.565
3269,2023-05-09 00:52:50,170.53949999999998,170.5645
3271,2023-05-09 00:52:51,170.5315,170.5565
3273,2023-05-09 00:52:53,170.5355,170.5605
3275,2023-05-09 00:52:55,170.537,170.562
3276,2023-05-09 00:52:57,170.538,170.563
3277,2023-05-09 00:52:58,170.541,170.566
3278,2023-05-09 00:53:00,170.541,170.566
3279,2023-05-09 00:53:01,170.5405,170.5655
3281,2023-05-09 00:53:02,170.54,170.565
3282,2023-05-09 00:53:05,170.547,170.572
3283,2023-05-09 00:53:06,170.549,170.574
3285,2023-05-09 00:53:07,170.551,170.576
3288,2023-05-09 00:53:08,170.55,170.575
3291,2023-05-09 00:53:09,170.551,170.576
3292,2023-05-09 00:53:10,170.559,170.584
3293,2023-05-09 00:53:12,170.55700000000002,170.582
3295,2023-05-09 00:53:15,170.55849999999998,170.58350000000002
3297,2023-05-09 00:53:16,170.559,170.584
3298,2023-05-09 00:53:17,170.56,170.585
3299,2023-05-09 00:53:19,170.5575,170.58249999999998
3301,2023-05-09 00:53:20,170.558,170.583
3302,2023-05-09 00:53:22,170.556,170.581
3303,2023-05-09 00:53:23,170.557,170.582
3304,2023-05-09 00:53:24,170.5555,170.5805
3306,2023-05-09 00:53:25,170.5565,170.5815
3308,2023-05-09 00:53:27,170.554,170.579
3309,2023-05-09 00:53:28,170.5505,170.5755
3311,2023-05-09 00:53:29,170.5475,170.5725
3313,2023-05-09 00:53:30,170.55200000000002,170.577
3315,2023-05-09 00:53:31,170.556,170.581
3316,2023-05-09 00:53:32,170.555,170.58
3317,2023-05-09 00:53:33,170.557,170.582
3318,2023-05-09 00:53:34,170.555,170.58
3319,2023-05-09 00:53:35,170.556,170.581
3320,2023-05-09 00:53:36,170.557,170.582
3321,2023-05-09 00:53:37,170.555,170.58
3322,2023-05-09 00:53:38,170.556,170.581
3323,2023-05-09 00:53:42,170.559,170.584
3324,2023-05-09 00:53:43,170.56,170.585
3325,2023-05-09 00:53:44,170.5635,170.5885
3327,2023-05-09 00:53:45,170.5655,170.5905
3329,2023-05-09 00:53:46,170.561,170.586
3330,2023-05-09 00:53:47,170.56,170.585
3331,2023-05-09 00:53:48,170.559,170.584
3332,2023-05-09 00:53:49,170.5595,170.5845
3334,2023-05-09 00:53:50,170.557,170.582
3335,2023-05-09 00:53:52,170.556,170.581
3336,2023-05-09 00:53:53,170.558,170.583
3337,2023-05-09 00:53:54,170.559,170.584
3338,2023-05-09 00:53:55,170.557,170.582
3341,2023-05-09 00:53:56,170.5575,170.58249999999998
3343,2023-05-09 00:53:57,170.5555,170.5805
3345,2023-05-09 00:53:58,170.555,170.58
3348,2023-05-09 00:53:59,170.554,170.579
3349,2023-05-09 00:54:00,170.5505,170.57549999999998
3351,2023-05-09 00:54:02,170.56,170.585
3353,2023-05-09 00:54:03,170.56,170.585
3354,2023-05-09 00:54:04,170.5605,170.5855
3356,2023-05-09 00:54:05,170.5665,170.5915
3358,2023-05-09 00:54:06,170.57049999999998,170.59550000000002
3360,2023-05-09 00:54:07,170.573,170.598
3361,2023-05-09 00:54:08,170.561,170.586
3364,2023-05-09 00:54:09,170.5595,170.5845
3366,2023-05-09 00:54:10,170.5595,170.5845
3368,2023-05-09 00:54:11,170.558,170.583
3369,2023-05-09 00:54:14,170.56,170.585
3372,2023-05-09 00:54:15,170.56,170.585
3373,2023-05-09 00:54:16,170.5495,170.5745
3375,2023-05-09 00:54:17,170.542,170.567
3378,2023-05-09 00:54:18,170.542,170.567
3380,2023-05-09 00:54:19,170.544,170.569
3383,2023-05-09 00:54:20,170.542,170.567
3386,2023-05-09 00:54:21,170.546,170.571
3387,2023-05-09 00:54:22,170.541,170.566
3390,2023-05-09 00:54:25,170.541,170.566
3391,2023-05-09 00:54:26,170.5505,170.57549999999998
3395,2023-05-09 00:54:29,170.539,170.564
3397,2023-05-09 00:54:30,170.539,170.564
3398,2023-05-09 00:54:31,170.537,170.562
3399,2023-05-09 00:54:34,170.527,170.552
3403,2023-05-09 00:54:35,170.5235,170.5485
3405,2023-05-09 00:54:36,170.53050000000002,170.5555
3409,2023-05-09 00:54:37,170.5335,170.55849999999998
3413,2023-05-09 00:54:38,170.533,170.558
3416,2023-05-09 00:54:39,170.5325,170.5575
3418,2023-05-09 00:54:40,170.531,170.55599999999998
3420,2023-05-09 00:54:41,170.531,170.556
3421,2023-05-09 00:54:42,170.521,170.546
3424,2023-05-09 00:54:44,170.522,170.547
3425,2023-05-09 00:54:45,170.52,170.545
3428,2023-05-09 00:54:46,170.51850000000002,170.5435
3430,2023-05-09 00:54:47,170.5245,170.54950000000002
3434,2023-05-09 00:54:48,170.525,170.55
3435,2023-05-09 00:54:49,170.523,170.548
3437,2023-05-09 00:54:50,170.521,170.546
3438,2023-05-09 00:54:51,170.522,170.547
3439,2023-05-09 00:54:52,170.5205,170.5455
3441,2023-05-09 00:54:53,170.52,170.545
3444,2023-05-09 00:54:54,170.5195,170.5445
3446,2023-05-09 00:54:55,170.518,170.543
3449,2023-05-09 00:54:56,170.51749999999998,170.5425
3451,2023-05-09 00:54:57,170.517,170.542
3454,2023-05-09 00:54:58,170.516,170.541
3457,2023-05-09 00:54:59,170.516,170.541
3460,2023-05-09 00:55:00,170.51049999999998,170.5355
3464,2023-05-09 00:55:01,170.524,170.549
3468,2023-05-09 00:55:02,170.524,170.549
3471,2023-05-09 00:55:03,170.523,170.548
3475,2023-05-09 00:55:04,170.5285,170.55349999999999
3479,2023-05-09 00:55:05,170.52749999999997,170.5525
3481,2023-05-09 00:55:06,170.523,170.548
3484,2023-05-09 00:55:07,170.51749999999998,170.54250000000002
3488,2023-05-09 00:55:08,170.511,170.536
3491,2023-05-09 00:55:09,170.499,170.524
3494,2023-05-09 00:55:10,170.497,170.522
3497,2023-05-09 00:55:11,170.4975,170.52249999999998
3501,2023-05-09 00:55:12,170.499,170.524
3504,2023-05-09 00:55:13,170.49650000000003,170.5215
3506,2023-05-09 00:55:14,170.499,170.524
3507,2023-05-09 00:55:15,170.498,170.523
3510,2023-05-09 00:55:16,170.498,170.523
3511,2023-05-09 00:55:17,170.4975,170.52249999999998
3515,2023-05-09 00:55:18,170.49650000000003,170.5215
3517,2023-05-09 00:55:19,170.489,170.514
3520,2023-05-09 00:55:20,170.49,170.515
3522,2023-05-09 00:55:21,170.488,170.513
3523,2023-05-09 00:55:22,170.489,170.514
3526,2023-05-09 00:55:23,170.488,170.513
3527,2023-05-09 00:55:24,170.489,170.514
3531,2023-05-09 00:55:25,170.4885,170.51350000000002
3533,2023-05-09 00:55:26,170.48950000000002,170.5145
3535,2023-05-09 00:55:27,170.4885,170.51350000000002
3539,2023-05-09 00:55:29,170.488,170.513
3540,2023-05-09 00:55:30,170.489,170.514
3541,2023-05-09 00:55:31,170.487,170.512
3542,2023-05-09 00:55:33,170.48649999999998,170.5115
3544,2023-05-09 00:55:34,170.485,170.51
3545,2023-05-09 00:55:35,170.487,170.512
3546,2023-05-09 00:55:36,170.49,170.515
3547,2023-05-09 00:55:37,170.487,170.512
3548,2023-05-09 00:55:39,170.488,170.513
3549,2023-05-09 00:55:40,170.48649999999998,170.5115
3551,2023-05-09 00:55:41,170.486,170.511
3554,2023-05-09 00:55:42,170.49,170.515
3557,2023-05-09 00:55:43,170.4905,170.51549999999997
3559,2023-05-09 00:55:44,170.491,170.516
3560,2023-05-09 00:55:45,170.4915,170.5165
3562,2023-05-09 00:55:46,170.4915,170.5165
3566,2023-05-09 00:55:47,170.4925,170.51749999999998
3568,2023-05-09 00:55:48,170.493,170.518
3571,2023-05-09 00:55:52,170.486,170.511
3573,2023-05-09 00:55:54,170.486,170.511
3574,2023-05-09 00:55:55,170.48250000000002,170.5075
3576,2023-05-09 00:55:56,170.47000000000003,170.495
3578,2023-05-09 00:55:57,170.469,170.494
3581,2023-05-09 00:55:58,170.46550000000002,170.4905
3585,2023-05-09 00:56:00,170.466,170.49099999999999
3587,2023-05-09 00:56:01,170.461,170.486
3588,2023-05-09 00:56:02,170.4615,170.48649999999998
3592,2023-05-09 00:56:03,170.4655,170.4905
3594,2023-05-09 00:56:04,170.472,170.497
3596,2023-05-09 00:56:05,170.473,170.498
3600,2023-05-09 00:56:06,170.474,170.499
3601,2023-05-09 00:56:07,170.471,170.496
3605,2023-05-09 00:56:08,170.46949999999998,170.49450000000002
3607,2023-05-09 00:56:09,170.46949999999998,170.49450000000002
3609,2023-05-09 00:56:10,170.4635,170.4885
3611,2023-05-09 00:56:11,170.4645,170.48950000000002
3615,2023-05-09 00:56:12,170.46550000000002,170.4905
3617,2023-05-09 00:56:13,170.4675,170.4925
3621,2023-05-09 00:56:15,170.46550000000002,170.4905
3623,2023-05-09 00:56:16,170.4795,170.5045
3627,2023-05-09 00:56:17,170.4835,170.5085
3629,2023-05-09 00:56:18,170.4885,170.51350000000002
3633,2023-05-09 00:56:19,170.496,170.521
3636,2023-05-09 00:56:20,170.496,170.521
3639,2023-05-09 00:56:21,170.494,170.519
3640,2023-05-09 00:56:23,170.494,170.519
3642,2023-05-09 00:56:24,170.496,170.521
3643,2023-05-09 00:56:25,170.495,170.52
3646,2023-05-09 00:56:26,170.4925,170.51749999999998
3650,2023-05-09 00:56:27,170.489,170.514
3652,2023-05-09 00:56:28,170.486,170.511
3654,2023-05-09 00:56:29,170.485,170.51
3656,2023-05-09 00:56:31,170.4855,170.51049999999998
3658,2023-05-09 00:56:32,170.485,170.51
3659,2023-05-09 00:56:33,170.4925,170.51749999999998
3661,2023-05-09 00:56:34,170.4905,170.51549999999997
3663,2023-05-09 00:56:35,170.488,170.513
3664,2023-05-09 00:56:36,170.48649999999998,170.5115
3666,2023-05-09 00:56:37,170.484,170.50900000000001
3668,2023-05-09 00:56:38,170.484,170.509
3669,2023-05-09 00:56:39,170.4885,170.51350000000002
3673,2023-05-09 00:56:40,170.4905,170.51549999999997
3675,2023-05-09 00:56:41,170.48950000000002,170.5145
3677,2023-05-09 00:56:42,170.488,170.513
3678,2023-05-09 00:56:43,170.49,170.515
3681,2023-05-09 00:56:44,170.493,170.518
3683,2023-05-09 00:56:45,170.49200000000002,170.517
3685,2023-05-09 00:56:46,170.492,170.517
3688,2023-05-09 00:56:47,170.496,170.52100000000002
3692,2023-05-09 00:56:48,170.4955,170.5205
3694,2023-05-09 00:56:49,170.49849999999998,170.5235
3696,2023-05-09 00:56:51,170.498,170.523
3698,2023-05-09 00:56:52,170.4975,170.52249999999998
3700,2023-05-09 00:56:54,170.497,170.522
3701,2023-05-09 00:56:55,170.499,170.524
3704,2023-05-09 00:56:56,170.4995,170.5245
3706,2023-05-09 00:56:57,170.49849999999998,170.5235
3708,2023-05-09 00:56:58,170.49849999999998,170.5235
3710,2023-05-09 00:57:00,170.49849999999998,170.5235
3712,2023-05-09 00:57:01,170.499,170.524
3715,2023-05-09 00:57:02,170.5005,170.52550000000002
3717,2023-05-09 00:57:03,170.502,170.527
3719,2023-05-09 00:57:04,170.504,170.529
3720,2023-05-09 00:57:05,170.5025,170.52749999999997
3722,2023-05-09 00:57:06,170.504,170.529
3723,2023-05-09 00:57:07,170.505,170.53
3724,2023-05-09 00:57:08,170.504,170.529
3725,2023-05-09 00:57:09,170.503,170.528
3726,2023-05-09 00:57:10,170.504,170.529
3727,2023-05-09 00:57:11,170.505,170.53
3728,2023-05-09 00:57:13,170.506,170.531
3729,2023-05-09 00:57:17,170.507,170.532
3730,2023-05-09 00:57:18,170.506,170.531
3731,2023-05-09 00:57:19,170.507,170.532
3732,2023-05-09 00:57:20,170.5085,170.5335
3734,2023-05-09 00:57:21,170.5095,170.53449999999998
3738,2023-05-09 00:57:22,170.5115,170.5365
3740,2023-05-09 00:57:23,170.511,170.536
3741,2023-05-09 00:57:24,170.512,170.537
3742,2023-05-09 00:57:25,170.51049999999998,170.5355
3744,2023-05-09 00:57:26,170.509,170.534
3745,2023-05-09 00:57:28,170.508,170.533
3746,2023-05-09 00:57:29,170.514,170.539
3749,2023-05-09 00:57:30,170.5125,170.53750000000002
3751,2023-05-09 00:57:31,170.511,170.536
3752,2023-05-09 00:57:34,170.507,170.53199999999998
3754,2023-05-09 00:57:35,170.505,170.53
3757,2023-05-09 00:57:36,170.502,170.527
3760,2023-05-09 00:57:37,170.5025,170.52749999999997
3764,2023-05-09 00:57:38,170.503,170.528
3765,2023-05-09 00:57:39,170.5025,170.52749999999997
3767,2023-05-09 00:57:40,170.50150000000002,170.5265
3769,2023-05-09 00:57:41,170.5005,170.52550000000002
3771,2023-05-09 00:57:43,170.4955,170.5205
3773,2023-05-09 00:57:44,170.494,170.519
3774,2023-05-09 00:57:46,170.497,170.522
3778,2023-05-09 00:57:47,170.504,170.529
3781,2023-05-09 00:57:51,170.506,170.531
3782,2023-05-09 00:57:52,170.505,170.53
3783,2023-05-09 00:57:53,170.504,170.529
3784,2023-05-09 00:57:56,170.503,170.528
3785,2023-05-09 00:57:57,170.504,170.529
3788,2023-05-09 00:57:58,170.504,170.529
3789,2023-05-09 00:57:59,170.503,170.528
3790,2023-05-09 00:58:00,170.501,170.526
3793,2023-05-09 00:58:01,170.494,170.519
3796,2023-05-09 00:58:02,170.492,170.517
3797,2023-05-09 00:58:03,170.493,170.518
3798,2023-05-09 00:58:06,170.49,170.515
3799,2023-05-09 00:58:07,170.489,170.514
3800,2023-05-09 00:58:08,170.48950000000002,170.5145
3802,2023-05-09 00:58:09,170.487,170.512
3804,2023-05-09 00:58:10,170.488,170.513
3806,2023-05-09 00:58:11,170.4765,170.5015
3808,2023-05-09 00:58:12,170.47449999999998,170.4995
3810,2023-05-09 00:58:13,170.478,170.503
3811,2023-05-09 00:58:14,170.4785,170.50349999999997
3813,2023-05-09 00:58:16,170.48200000000003,170.507
3815,2023-05-09 00:58:17,170.486,170.511
3816,2023-05-09 00:58:19,170.486,170.511
3819,2023-05-09 00:58:20,170.4875,170.5125
3821,2023-05-09 00:58:21,170.488,170.513
3824,2023-05-09 00:58:22,170.4875,170.5125
3828,2023-05-09 00:58:23,170.488,170.513
3829,2023-05-09 00:58:24,170.486,170.511
3830,2023-05-09 00:58:29,170.487,170.512
3831,2023-05-09 00:58:31,170.486,170.511
3832,2023-05-09 00:58:32,170.486,170.511
3834,2023-05-09 00:58:36,170.486,170.511
3835,2023-05-09 00:58:37,170.484,170.509
3836,2023-05-09 00:58:40,170.4855,170.51049999999998
3838,2023-05-09 00:58:41,170.4855,170.51049999999998
3840,2023-05-09 00:58:42,170.4835,170.5085
3842,2023-05-09 00:58:43,170.482,170.507
3843,2023-05-09 00:58:44,170.481,170.506
3844,2023-05-09 00:58:46,170.478,170.503
3847,2023-05-09 00:58:47,170.478,170.503
3848,2023-05-09 00:58:48,170.4755,170.5005
3850,2023-05-09 00:58:49,170.475,170.5
3852,2023-05-09 00:58:50,170.4715,170.4965
3854,2023-05-09 00:58:51,170.474,170.499
3855,2023-05-09 00:58:52,170.476,170.501
3858,2023-05-09 00:58:53,170.479,170.504
3859,2023-05-09 00:58:54,170.478,170.503
3860,2023-05-09 00:58:55,170.479,170.504
3861,2023-05-09 00:58:56,170.478,170.503
3862,2023-05-09 00:58:57,170.479,170.504
3863,2023-05-09 00:58:58,170.48,170.505
3864,2023-05-09 00:58:59,170.482,170.507
3866,2023-05-09 00:59:00,170.48250000000002,170.5075
3868,2023-05-09 00:59:01,170.482,170.507
3869,2023-05-09 00:59:02,170.48,170.505
3870,2023-05-09 00:59:03,170.4715,170.49650000000003
3872,2023-05-09 00:59:05,170.467,170.492
3875,2023-05-09 00:59:06,170.469,170.494
3877,2023-05-09 00:59:07,170.46949999999998,170.49450000000002
3881,2023-05-09 00:59:08,170.47050000000002,170.4955
3883,2023-05-09 00:59:09,170.47050000000002,170.4955
3885,2023-05-09 00:59:10,170.46949999999998,170.49450000000002
3887,2023-05-09 00:59:11,170.469,170.494
3888,2023-05-09 00:59:12,170.471,170.496
3889,2023-05-09 00:59:13,170.47,170.495
3893,2023-05-09 00:59:14,170.469,170.494
3894,2023-05-09 00:59:15,170.471,170.496
3895,2023-05-09 00:59:16,170.472,170.497
3898,2023-05-09 00:59:17,170.469,170.494
3899,2023-05-09 00:59:18,170.47,170.495
3900,2023-05-09 00:59:19,170.46949999999998,170.49450000000002
3904,2023-05-09 00:59:20,170.468,170.493
3907,2023-05-09 00:59:21,170.46949999999998,170.49450000000002
3909,2023-05-09 00:59:22,170.471,170.496
3910,2023-05-09 00:59:23,170.47050000000002,170.4955
3912,2023-05-09 00:59:24,170.472,170.497
3913,2023-05-09 00:59:25,170.4715,170.49650000000003
3915,2023-05-09 00:59:26,170.4765,170.5015
3917,2023-05-09 00:59:27,170.47750000000002,170.5025
3921,2023-05-09 00:59:28,170.478,170.503
3922,2023-05-09 00:59:29,170.48,170.505
3925,2023-05-09 00:59:30,170.4795,170.5045
3927,2023-05-09 00:59:31,170.479,170.504
3930,2023-05-09 00:59:32,170.48,170.505
3931,2023-05-09 00:59:33,170.482,170.507
3934,2023-05-09 00:59:34,170.486,170.511
3937,2023-05-09 00:59:35,170.487,170.512
3940,2023-05-09 00:59:36,170.48649999999998,170.5115
3942,2023-05-09 00:59:37,170.482,170.507
3945,2023-05-09 00:59:38,170.479,170.504
3946,2023-05-09 00:59:39,170.48,170.505
3947,2023-05-09 00:59:40,170.481,170.506
3948,2023-05-09 00:59:42,170.48,170.505
