,time,bid,ask
0,2023-05-09 00:00:00,0.63358,0.63376
1,2023-05-09 00:00:01,0.63357,0.63375
4,2023-05-09 00:00:02,0.63356,0.63374
5,2023-05-09 00:00:04,0.63358,0.63376
6,2023-05-09 00:00:05,0.633575,0.633755
8,2023-05-09 00:00:08,0.63357,0.63375
9,2023-05-09 00:00:09,0.633615,0.633795
11,2023-05-09 00:00:10,0.633615,0.633795
13,2023-05-09 00:00:11,0.6336,0.63378
14,2023-05-09 00:00:12,0.6335850000000001,0.6337649999999999
16,2023-05-09 00:00:15,0.6335999999999999,0.63378
18,2023-05-09 00:00:16,0.63362,0.6338
21,2023-05-09 00:00:18,0.63365,0.63383
22,2023-05-09 00:00:19,0.6336649999999999,0.633845
24,2023-05-09 00:00:24,0.63368,0.63386
25,2023-05-09 00:00:25,0.63373,0.63391
26,2023-05-09 00:00:26,0.63372,0.6339
27,2023-05-09 00:00:28,0.63373,0.63391
28,2023-05-09 00:00:30,0.63374,0.63392
29,2023-05-09 00:00:31,0.63373,0.63391
30,2023-05-09 00:00:32,0.6337349999999999,0.633915
32,2023-05-09 00:00:33,0.633725,0.6339049999999999
34,2023-05-09 00:00:40,0.63381,0.63399
35,2023-05-09 00:00:41,0.63384,0.63402
39,2023-05-09 00:00:42,0.63378,0.63396
42,2023-05-09 00:00:43,0.63373,0.63391
43,2023-05-09 00:00:44,0.63371,0.63389
44,2023-05-09 00:00:45,0.63372,0.6339
45,2023-05-09 00:00:46,0.63371,0.63389
46,2023-05-09 00:00:48,0.6337,0.63388
47,2023-05-09 00:00:51,0.63368,0.63386
48,2023-05-09 00:00:52,0.63367,0.63385
49,2023-05-09 00:00:55,0.63366,0.63384
50,2023-05-09 00:00:56,0.63367,0.63385
51,2023-05-09 00:00:57,0.63369,0.63387
52,2023-05-09 00:00:58,0.633645,0.6338250000000001
54,2023-05-09 00:01:00,0.63365,0.63383
55,2023-05-09 00:01:01,0.6336299999999999,0.63381
57,2023-05-09 00:01:02,0.6335999999999999,0.63378
59,2023-05-09 00:01:03,0.6336,0.63378
60,2023-05-09 00:01:05,0.633615,0.633795
62,2023-05-09 00:01:07,0.63361,0.63379
63,2023-05-09 00:01:10,0.63364,0.63382
66,2023-05-09 00:01:11,0.63364,0.63382
69,2023-05-09 00:01:12,0.63364,0.63382
70,2023-05-09 00:01:13,0.63365,0.63383
71,2023-05-09 00:01:19,0.63364,0.63382
72,2023-05-09 00:01:22,0.6336200000000001,0.6337999999999999
74,2023-05-09 00:01:23,0.63362,0.6338
75,2023-05-09 00:01:24,0.63366,0.63384
79,2023-05-09 00:01:31,0.63367,0.63385
80,2023-05-09 00:01:32,0.63365,0.63383
81,2023-05-09 00:01:36,0.63364,0.63382
82,2023-05-09 00:01:37,0.633605,0.633785
84,2023-05-09 00:01:39,0.63361,0.63379
85,2023-05-09 00:01:40,0.63362,0.6338
86,2023-05-09 00:01:41,0.63361,0.63379
89,2023-05-09 00:01:43,0.633615,0.633795
91,2023-05-09 00:01:44,0.6336,0.63378
92,2023-05-09 00:01:45,0.63359,0.63377
93,2023-05-09 00:01:47,0.63357,0.63375
96,2023-05-09 00:01:48,0.63353,0.63371
97,2023-05-09 00:01:49,0.633525,0.633705
99,2023-05-09 00:01:50,0.633545,0.633725
101,2023-05-09 00:01:51,0.633515,0.633695
103,2023-05-09 00:01:53,0.633515,0.633695
105,2023-05-09 00:01:54,0.63354,0.63372
108,2023-05-09 00:01:55,0.63353,0.63371
109,2023-05-09 00:01:56,0.63351,0.63369
112,2023-05-09 00:01:58,0.6335,0.63368
113,2023-05-09 00:02:00,0.63351,0.63369
114,2023-05-09 00:02:01,0.6335,0.63368
115,2023-05-09 00:02:06,0.63348,0.63366
118,2023-05-09 00:02:07,0.63345,0.63363
119,2023-05-09 00:02:09,0.63346,0.63364
120,2023-05-09 00:02:11,0.63347,0.63365
121,2023-05-09 00:02:12,0.63346,0.63364
122,2023-05-09 00:02:13,0.633445,0.633625
124,2023-05-09 00:02:14,0.63344,0.63362
125,2023-05-09 00:02:15,0.633435,0.633615
127,2023-05-09 00:02:16,0.63343,0.63361
128,2023-05-09 00:02:18,0.63344,0.63362
129,2023-05-09 00:02:21,0.63345,0.63363
130,2023-05-09 00:02:22,0.633445,0.633625
132,2023-05-09 00:02:26,0.633435,0.633615
134,2023-05-09 00:02:27,0.63344,0.63362
135,2023-05-09 00:02:29,0.63345,0.63363
136,2023-05-09 00:02:31,0.633455,0.633635
138,2023-05-09 00:02:34,0.633455,0.633635
140,2023-05-09 00:02:39,0.63339,0.63357
141,2023-05-09 00:02:40,0.6334,0.63358
142,2023-05-09 00:02:44,0.63334,0.63352
143,2023-05-09 00:02:45,0.63335,0.63353
144,2023-05-09 00:02:46,0.633355,0.633535
146,2023-05-09 00:02:51,0.63336,0.63354
147,2023-05-09 00:02:53,0.6333599999999999,0.63354
149,2023-05-09 00:02:54,0.6333,0.63348
151,2023-05-09 00:02:55,0.63332,0.6335
154,2023-05-09 00:02:58,0.63334,0.63352
155,2023-05-09 00:02:59,0.63335,0.63353
156,2023-05-09 00:03:00,0.63335,0.63353
157,2023-05-09 00:03:01,0.63334,0.63352
158,2023-05-09 00:03:03,0.63335,0.63353
159,2023-05-09 00:03:04,0.63336,0.63354
160,2023-05-09 00:03:06,0.63337,0.63355
161,2023-05-09 00:03:08,0.63339,0.63357
162,2023-05-09 00:03:09,0.6334150000000001,0.633595
164,2023-05-09 00:03:13,0.6334150000000001,0.633595
166,2023-05-09 00:03:14,0.63341,0.63359
167,2023-05-09 00:03:20,0.63339,0.63357
169,2023-05-09 00:03:21,0.63333,0.63351
172,2023-05-09 00:03:22,0.63331,0.63349
173,2023-05-09 00:03:23,0.63332,0.6335
174,2023-05-09 00:03:24,0.63331,0.63349
175,2023-05-09 00:03:27,0.63332,0.6335
176,2023-05-09 00:03:28,0.6333150000000001,0.6334949999999999
178,2023-05-09 00:03:29,0.63335,0.63353
179,2023-05-09 00:03:30,0.63331,0.63349
180,2023-05-09 00:03:32,0.6333150000000001,0.6334949999999999
182,2023-05-09 00:03:33,0.6333249999999999,0.633505
186,2023-05-09 00:03:35,0.63336,0.63354
189,2023-05-09 00:03:36,0.633345,0.633525
191,2023-05-09 00:03:38,0.63336,0.63354
192,2023-05-09 00:03:39,0.63335,0.63353
193,2023-05-09 00:03:40,0.63334,0.63352
194,2023-05-09 00:03:41,0.63335,0.63353
195,2023-05-09 00:03:42,0.6333249999999999,0.633505
197,2023-05-09 00:03:43,0.63334,0.63352
198,2023-05-09 00:03:44,0.63336,0.63354
199,2023-05-09 00:03:47,0.63337,0.63355
200,2023-05-09 00:03:49,0.63334,0.63352
201,2023-05-09 00:03:50,0.63335,0.63353
204,2023-05-09 00:03:53,0.6333249999999999,0.633505
206,2023-05-09 00:03:57,0.6333150000000001,0.6334949999999999
208,2023-05-09 00:03:58,0.63331,0.63349
211,2023-05-09 00:03:59,0.6333,0.63348
213,2023-05-09 00:04:00,0.63331,0.63349
215,2023-05-09 00:04:02,0.63331,0.63349
216,2023-05-09 00:04:03,0.63332,0.6335
217,2023-05-09 00:04:04,0.63331,0.63349
218,2023-05-09 00:04:06,0.63332,0.6335
219,2023-05-09 00:04:07,0.63333,0.63351
220,2023-05-09 00:04:09,0.63331,0.63349
221,2023-05-09 00:04:10,0.6333,0.63348
222,2023-05-09 00:04:12,0.6332949999999999,0.633475
224,2023-05-09 00:04:13,0.63331,0.63349
225,2023-05-09 00:04:15,0.63328,0.63346
226,2023-05-09 00:04:16,0.633285,0.633465
228,2023-05-09 00:04:19,0.633285,0.633465
230,2023-05-09 00:04:21,0.63335,0.63353
231,2023-05-09 00:04:25,0.63334,0.63352
232,2023-05-09 00:04:30,0.63335,0.63353
233,2023-05-09 00:04:31,0.63334,0.63352
234,2023-05-09 00:04:36,0.63335,0.63353
235,2023-05-09 00:04:38,0.63334,0.63352
236,2023-05-09 00:04:53,0.63339,0.63357
237,2023-05-09 00:04:54,0.6334249999999999,0.633605
239,2023-05-09 00:04:55,0.633455,0.633635
241,2023-05-09 00:05:00,0.63345,0.63363
242,2023-05-09 00:05:01,0.63346,0.63364
243,2023-05-09 00:05:02,0.6334850000000001,0.6336649999999999
245,2023-05-09 00:05:18,0.6335,0.63368
246,2023-05-09 00:05:19,0.63357,0.63375
247,2023-05-09 00:05:20,0.63358,0.63376
248,2023-05-09 00:05:21,0.63359,0.63377
249,2023-05-09 00:05:22,0.63358,0.63376
250,2023-05-09 00:05:23,0.6335850000000001,0.6337649999999999
252,2023-05-09 00:05:24,0.633575,0.6337550000000001
254,2023-05-09 00:05:26,0.63359,0.63377
255,2023-05-09 00:05:27,0.63363,0.63381
258,2023-05-09 00:05:30,0.633655,0.633835
260,2023-05-09 00:05:31,0.63369,0.63387
261,2023-05-09 00:05:41,0.6337,0.63388
262,2023-05-09 00:05:43,0.63369,0.63387
263,2023-05-09 00:05:45,0.633715,0.633895
265,2023-05-09 00:05:47,0.63371,0.63389
266,2023-05-09 00:05:48,0.6337,0.63388
267,2023-05-09 00:05:51,0.633705,0.633885
269,2023-05-09 00:05:53,0.633685,0.633865
271,2023-05-09 00:06:00,0.63368,0.63386
272,2023-05-09 00:06:03,0.63367,0.63385
273,2023-05-09 00:06:06,0.63366,0.63384
274,2023-05-09 00:06:09,0.633645,0.6338250000000001
276,2023-05-09 00:06:11,0.63366,0.63384
277,2023-05-09 00:06:12,0.63366,0.63384
280,2023-05-09 00:06:21,0.63365,0.63383
281,2023-05-09 00:06:22,0.6336200000000001,0.6337999999999999
283,2023-05-09 00:06:29,0.63362,0.6338
284,2023-05-09 00:06:30,0.63361,0.63379
285,2023-05-09 00:06:32,0.6336,0.63378
286,2023-05-09 00:06:33,0.63361,0.63379
287,2023-05-09 00:06:40,0.6335999999999999,0.63378
289,2023-05-09 00:06:42,0.6336,0.63378
290,2023-05-09 00:06:51,0.63361,0.63379
291,2023-05-09 00:06:57,0.63362,0.6338
292,2023-05-09 00:07:00,0.63362,0.6338
293,2023-05-09 00:07:04,0.63363,0.63381
294,2023-05-09 00:07:05,0.63362,0.6338
295,2023-05-09 00:07:12,0.63361,0.63379
296,2023-05-09 00:07:26,0.63363,0.63381
297,2023-05-09 00:07:34,0.63364,0.63382
298,2023-05-09 00:07:36,0.63366,0.63384
299,2023-05-09 00:07:48,0.63365,0.63383
300,2023-05-09 00:07:49,0.6336550000000001,0.6338349999999999
302,2023-05-09 00:07:51,0.63363,0.63381
303,2023-05-09 00:07:52,0.6336200000000001,0.6338
305,2023-05-09 00:07:53,0.63362,0.6338
306,2023-05-09 00:07:54,0.63363,0.63381
307,2023-05-09 00:07:56,0.633605,0.633785
309,2023-05-09 00:07:58,0.63359,0.63377
310,2023-05-09 00:08:00,0.63358,0.63376
311,2023-05-09 00:08:01,0.6335999999999999,0.63378
313,2023-05-09 00:08:03,0.63358,0.63376
316,2023-05-09 00:08:04,0.6335649999999999,0.633745
318,2023-05-09 00:08:12,0.6335649999999999,0.633745
320,2023-05-09 00:08:13,0.633545,0.633725
322,2023-05-09 00:08:15,0.63355,0.63373
323,2023-05-09 00:08:19,0.63354,0.63372
324,2023-05-09 00:08:22,0.63355,0.63373
325,2023-05-09 00:08:29,0.63356,0.63374
326,2023-05-09 00:08:32,0.63354,0.6337200000000001
328,2023-05-09 00:08:34,0.63355,0.63373
329,2023-05-09 00:08:37,0.63353,0.63371
330,2023-05-09 00:08:41,0.63354,0.63372
331,2023-05-09 00:08:42,0.63353,0.63371
332,2023-05-09 00:08:44,0.63354,0.63372
333,2023-05-09 00:08:46,0.63353,0.63371
334,2023-05-09 00:08:59,0.63352,0.6337
335,2023-05-09 00:09:00,0.63352,0.6337
336,2023-05-09 00:09:02,0.63346,0.63364
337,2023-05-09 00:09:03,0.63345,0.63363
338,2023-05-09 00:09:04,0.633475,0.6336550000000001
340,2023-05-09 00:09:05,0.63346,0.63364
341,2023-05-09 00:09:07,0.633475,0.6336550000000001
343,2023-05-09 00:09:09,0.63346,0.63364
344,2023-05-09 00:09:12,0.63345,0.63363
345,2023-05-09 00:09:15,0.633475,0.633655
347,2023-05-09 00:09:16,0.633515,0.633695
349,2023-05-09 00:09:33,0.63354,0.63372
350,2023-05-09 00:09:34,0.63357,0.63375
351,2023-05-09 00:09:38,0.633525,0.633705
353,2023-05-09 00:09:40,0.6334949999999999,0.633675
355,2023-05-09 00:09:41,0.6335,0.63368
356,2023-05-09 00:09:43,0.633505,0.633685
358,2023-05-09 00:09:44,0.6334949999999999,0.633675
360,2023-05-09 00:09:45,0.633515,0.633695
362,2023-05-09 00:09:46,0.633505,0.633685
364,2023-05-09 00:09:50,0.6334949999999999,0.633675
366,2023-05-09 00:09:52,0.63348,0.63366
367,2023-05-09 00:09:55,0.63347,0.63365
368,2023-05-09 00:09:56,0.63346,0.63364
369,2023-05-09 00:09:57,0.63348,0.63366
370,2023-05-09 00:09:59,0.63349,0.63367
371,2023-05-09 00:10:00,0.63351,0.63369
374,2023-05-09 00:10:01,0.63356,0.63374
375,2023-05-09 00:10:02,0.63353,0.63371
376,2023-05-09 00:10:08,0.63354,0.63372
377,2023-05-09 00:10:14,0.63355,0.63373
378,2023-05-09 00:10:26,0.633475,0.633655
380,2023-05-09 00:10:29,0.63348,0.63366
381,2023-05-09 00:10:31,0.63351,0.63369
382,2023-05-09 00:10:32,0.633505,0.633685
384,2023-05-09 00:10:40,0.63353,0.63371
385,2023-05-09 00:10:41,0.63356,0.63374
386,2023-05-09 00:10:47,0.63357,0.63375
387,2023-05-09 00:11:00,0.6335599999999999,0.63374
389,2023-05-09 00:11:03,0.63356,0.63374
390,2023-05-09 00:11:04,0.63355,0.63373
391,2023-05-09 00:11:05,0.633555,0.6337349999999999
393,2023-05-09 00:11:08,0.63354,0.63372
394,2023-05-09 00:11:11,0.63359,0.63377
397,2023-05-09 00:11:16,0.633595,0.633775
399,2023-05-09 00:11:22,0.633595,0.633775
401,2023-05-09 00:11:27,0.6336,0.63378
402,2023-05-09 00:11:28,0.63359,0.63377
403,2023-05-09 00:11:30,0.6336,0.63378
404,2023-05-09 00:11:33,0.63359,0.63377
405,2023-05-09 00:11:36,0.63358,0.63376
406,2023-05-09 00:11:37,0.6335649999999999,0.633745
408,2023-05-09 00:11:44,0.633555,0.6337349999999999
410,2023-05-09 00:11:45,0.63358,0.63376
411,2023-05-09 00:11:46,0.633595,0.633775
413,2023-05-09 00:11:47,0.6336200000000001,0.6337999999999999
415,2023-05-09 00:11:48,0.63364,0.63382
416,2023-05-09 00:11:52,0.63366,0.63384
417,2023-05-09 00:11:53,0.63368,0.63386
420,2023-05-09 00:11:59,0.633705,0.633885
422,2023-05-09 00:12:00,0.633705,0.633885
424,2023-05-09 00:12:01,0.63369,0.63387
425,2023-05-09 00:12:04,0.6337,0.63388
426,2023-05-09 00:12:06,0.633695,0.633875
428,2023-05-09 00:12:07,0.633685,0.633865
430,2023-05-09 00:12:08,0.63369,0.63387
431,2023-05-09 00:12:20,0.63367,0.63385
434,2023-05-09 00:12:27,0.63367,0.63385
435,2023-05-09 00:12:29,0.63366,0.63384
436,2023-05-09 00:12:38,0.63364,0.63382
437,2023-05-09 00:12:40,0.63368,0.63386
438,2023-05-09 00:12:48,0.63366,0.63384
439,2023-05-09 00:12:58,0.6336550000000001,0.6338349999999999
441,2023-05-09 00:13:00,0.63366,0.63384
442,2023-05-09 00:13:08,0.63362,0.6338
443,2023-05-09 00:13:12,0.63361,0.63379
444,2023-05-09 00:13:35,0.63363,0.63381
445,2023-05-09 00:13:39,0.63362,0.6338
446,2023-05-09 00:13:43,0.63361,0.63379
447,2023-05-09 00:13:44,0.633515,0.633695
449,2023-05-09 00:13:45,0.63352,0.6337
450,2023-05-09 00:13:46,0.63351,0.63369
451,2023-05-09 00:13:48,0.633525,0.633705
453,2023-05-09 00:13:49,0.63348,0.63366
456,2023-05-09 00:13:50,0.63348,0.63366
457,2023-05-09 00:13:53,0.63349,0.63367
458,2023-05-09 00:14:00,0.63349,0.63367
459,2023-05-09 00:14:02,0.6335,0.63368
460,2023-05-09 00:14:10,0.63353,0.63371
461,2023-05-09 00:14:13,0.63356,0.63374
462,2023-05-09 00:14:16,0.63357,0.63375
463,2023-05-09 00:14:18,0.63358,0.63376
464,2023-05-09 00:14:19,0.6336,0.63378
465,2023-05-09 00:14:20,0.63361,0.63379
466,2023-05-09 00:14:23,0.63364,0.63382
467,2023-05-09 00:14:24,0.63363,0.63381
468,2023-05-09 00:14:25,0.63365,0.63383
469,2023-05-09 00:14:27,0.63364,0.63382
470,2023-05-09 00:14:28,0.63367,0.63385
471,2023-05-09 00:14:29,0.633685,0.633865
473,2023-05-09 00:14:32,0.63368,0.63386
474,2023-05-09 00:14:36,0.63367,0.63385
475,2023-05-09 00:14:40,0.63366,0.63384
476,2023-05-09 00:14:41,0.633655,0.633835
478,2023-05-09 00:14:45,0.63359,0.63377
479,2023-05-09 00:14:46,0.6336,0.63378
480,2023-05-09 00:14:49,0.63361,0.63379
481,2023-05-09 00:14:52,0.63362,0.6338
482,2023-05-09 00:14:54,0.633625,0.633805
484,2023-05-09 00:14:56,0.63365,0.63383
485,2023-05-09 00:14:57,0.63368,0.63386
486,2023-05-09 00:14:58,0.633675,0.6338550000000001
488,2023-05-09 00:15:00,0.63368,0.63386
489,2023-05-09 00:15:01,0.63369,0.63387
490,2023-05-09 00:15:02,0.63371,0.6338900000000001
492,2023-05-09 00:15:04,0.6337349999999999,0.633915
494,2023-05-09 00:15:05,0.63375,0.63393
495,2023-05-09 00:15:07,0.63374,0.63392
496,2023-05-09 00:15:08,0.63376,0.63394
497,2023-05-09 00:15:10,0.6337550000000001,0.6339349999999999
499,2023-05-09 00:15:11,0.63375,0.63393
500,2023-05-09 00:15:12,0.6337550000000001,0.6339349999999999
502,2023-05-09 00:15:13,0.63376,0.63394
503,2023-05-09 00:15:14,0.63375,0.63393
504,2023-05-09 00:15:15,0.63374,0.63392
505,2023-05-09 00:15:16,0.63373,0.63391
506,2023-05-09 00:15:20,0.63368,0.63386
507,2023-05-09 00:15:21,0.63367,0.63385
508,2023-05-09 00:15:25,0.63365,0.63383
509,2023-05-09 00:15:27,0.63363,0.63381
510,2023-05-09 00:15:28,0.63365,0.63383
511,2023-05-09 00:15:29,0.63367,0.63385
512,2023-05-09 00:15:30,0.633675,0.6338550000000001
514,2023-05-09 00:15:32,0.633695,0.633875
516,2023-05-09 00:15:33,0.633675,0.6338550000000001
518,2023-05-09 00:15:34,0.63366,0.63384
520,2023-05-09 00:15:35,0.63367,0.63385
521,2023-05-09 00:15:39,0.6336649999999999,0.633845
523,2023-05-09 00:15:40,0.63368,0.63386
524,2023-05-09 00:15:42,0.63366,0.63384
525,2023-05-09 00:15:44,0.633645,0.6338250000000001
527,2023-05-09 00:15:46,0.63365,0.63383
528,2023-05-09 00:15:49,0.63367,0.63385
531,2023-05-09 00:15:51,0.63367,0.63385
532,2023-05-09 00:15:52,0.63368,0.63386
533,2023-05-09 00:15:53,0.6336649999999999,0.633845
535,2023-05-09 00:15:55,0.63367,0.63385
536,2023-05-09 00:15:56,0.63365,0.63383
537,2023-05-09 00:15:57,0.63367,0.63385
539,2023-05-09 00:15:58,0.63367,0.63385
540,2023-05-09 00:16:00,0.63368,0.63386
541,2023-05-09 00:16:05,0.63367,0.63385
542,2023-05-09 00:16:10,0.63368,0.63386
543,2023-05-09 00:16:11,0.63367,0.63385
544,2023-05-09 00:16:16,0.6337,0.63388
545,2023-05-09 00:16:20,0.63371,0.63389
546,2023-05-09 00:16:21,0.6337,0.63388
547,2023-05-09 00:16:34,0.63368,0.6338600000000001
549,2023-05-09 00:16:35,0.63366,0.63384
550,2023-05-09 00:16:41,0.63367,0.63385
551,2023-05-09 00:16:48,0.63366,0.63384
552,2023-05-09 00:16:55,0.63367,0.63385
553,2023-05-09 00:16:56,0.63366,0.63384
554,2023-05-09 00:17:00,0.63366,0.63384
555,2023-05-09 00:17:02,0.63367,0.63385
556,2023-05-09 00:17:07,0.63368,0.63386
557,2023-05-09 00:17:08,0.63369,0.63387
558,2023-05-09 00:17:11,0.633715,0.633895
560,2023-05-09 00:17:12,0.63375,0.63393
561,2023-05-09 00:17:21,0.63378,0.63396
562,2023-05-09 00:17:22,0.6337999999999999,0.63398
564,2023-05-09 00:17:23,0.63382,0.634
565,2023-05-09 00:17:27,0.633805,0.633985
567,2023-05-09 00:17:28,0.63383,0.63401
568,2023-05-09 00:17:51,0.63384,0.63402
571,2023-05-09 00:17:56,0.63376,0.63394
574,2023-05-09 00:18:00,0.63374,0.63392
575,2023-05-09 00:18:01,0.633725,0.6339049999999999
577,2023-05-09 00:18:03,0.63373,0.63391
578,2023-05-09 00:18:04,0.633715,0.633895
580,2023-05-09 00:18:05,0.63371,0.63389
583,2023-05-09 00:18:12,0.633715,0.633895
585,2023-05-09 00:18:15,0.633725,0.6339049999999999
587,2023-05-09 00:18:16,0.63375,0.63393
588,2023-05-09 00:18:18,0.63374,0.63392
589,2023-05-09 00:18:28,0.63376,0.63394
590,2023-05-09 00:18:30,0.63377,0.63395
591,2023-05-09 00:18:44,0.63376,0.63394
592,2023-05-09 00:18:46,0.63374,0.63392
593,2023-05-09 00:18:51,0.63376,0.63394
595,2023-05-09 00:18:52,0.63379,0.63397
596,2023-05-09 00:19:00,0.63379,0.63397
597,2023-05-09 00:19:10,0.6338,0.63398
598,2023-05-09 00:19:11,0.633775,0.633955
600,2023-05-09 00:19:12,0.63376,0.63394
601,2023-05-09 00:19:19,0.63375,0.63393
602,2023-05-09 00:19:20,0.63373,0.63391
603,2023-05-09 00:19:21,0.63374,0.63392
604,2023-05-09 00:19:23,0.63375,0.63393
605,2023-05-09 00:19:25,0.63376,0.63394
606,2023-05-09 00:19:35,0.63374,0.63392
607,2023-05-09 00:19:39,0.63375,0.63393
608,2023-05-09 00:19:40,0.633805,0.633985
610,2023-05-09 00:19:41,0.63381,0.63399
611,2023-05-09 00:19:45,0.6338,0.63398
612,2023-05-09 00:19:48,0.63381,0.63399
613,2023-05-09 00:19:56,0.63383,0.63401
614,2023-05-09 00:19:58,0.63385,0.6340300000000001
616,2023-05-09 00:20:00,0.63385,0.63403
617,2023-05-09 00:20:02,0.63386,0.63404
620,2023-05-09 00:20:21,0.63383,0.63401
622,2023-05-09 00:20:25,0.63384,0.63402
623,2023-05-09 00:20:26,0.63377,0.63395
624,2023-05-09 00:20:27,0.63378,0.63396
625,2023-05-09 00:20:28,0.63379,0.63397
626,2023-05-09 00:21:00,0.63383,0.63401
629,2023-05-09 00:21:05,0.63386,0.63404
630,2023-05-09 00:21:06,0.63387,0.63405
631,2023-05-09 00:21:07,0.633875,0.634055
633,2023-05-09 00:21:16,0.63385,0.63403
634,2023-05-09 00:21:17,0.63386,0.63404
635,2023-05-09 00:21:18,0.63385,0.63403
636,2023-05-09 00:21:22,0.63387,0.63405
637,2023-05-09 00:21:23,0.633865,0.634045
639,2023-05-09 00:21:24,0.63385,0.63403
640,2023-05-09 00:22:00,0.63385,0.63403
641,2023-05-09 00:22:01,0.63384,0.63402
642,2023-05-09 00:22:02,0.63376,0.63394
645,2023-05-09 00:22:07,0.6337349999999999,0.633915
647,2023-05-09 00:22:10,0.63375,0.63393
648,2023-05-09 00:22:12,0.6337299999999999,0.63391
650,2023-05-09 00:22:14,0.63373,0.63391
651,2023-05-09 00:22:16,0.63372,0.6339
652,2023-05-09 00:22:19,0.63373,0.63391
653,2023-05-09 00:22:20,0.633745,0.6339250000000001
655,2023-05-09 00:22:21,0.63373,0.63391
656,2023-05-09 00:22:26,0.63375,0.63393
657,2023-05-09 00:22:27,0.6337550000000001,0.6339349999999999
659,2023-05-09 00:22:30,0.63374,0.63392
660,2023-05-09 00:22:31,0.63369,0.63387
663,2023-05-09 00:22:37,0.63366,0.63384
664,2023-05-09 00:22:41,0.63368,0.63386
665,2023-05-09 00:22:42,0.633695,0.633875
667,2023-05-09 00:22:43,0.63369,0.63387
668,2023-05-09 00:22:45,0.6337,0.63388
669,2023-05-09 00:22:47,0.63362,0.6338
672,2023-05-09 00:22:49,0.633575,0.6337550000000001
674,2023-05-09 00:22:52,0.63356,0.63374
675,2023-05-09 00:23:00,0.63356,0.63374
676,2023-05-09 00:23:08,0.63357,0.63375
677,2023-05-09 00:23:10,0.63359,0.63377
678,2023-05-09 00:23:11,0.633615,0.633795
680,2023-05-09 00:23:12,0.63364,0.63382
681,2023-05-09 00:23:13,0.63364,0.63382
684,2023-05-09 00:23:14,0.63365,0.63383
685,2023-05-09 00:23:21,0.63364,0.63382
686,2023-05-09 00:23:29,0.633595,0.633775
688,2023-05-09 00:23:32,0.63357,0.63375
689,2023-05-09 00:23:33,0.63358,0.63376
690,2023-05-09 00:23:37,0.63359,0.63377
691,2023-05-09 00:23:40,0.6336,0.63378
692,2023-05-09 00:23:46,0.63359,0.63377
693,2023-05-09 00:23:47,0.6336,0.63378
694,2023-05-09 00:23:49,0.63359,0.63377
695,2023-05-09 00:23:50,0.6336,0.63378
696,2023-05-09 00:23:55,0.63361,0.63379
697,2023-05-09 00:23:56,0.63362,0.6338
698,2023-05-09 00:23:57,0.6336,0.63378
699,2023-05-09 00:23:59,0.63359,0.63377
700,2023-05-09 00:24:00,0.63359,0.63377
701,2023-05-09 00:24:06,0.63353,0.63371
702,2023-05-09 00:24:07,0.63352,0.6337
703,2023-05-09 00:24:08,0.6335,0.63368
706,2023-05-09 00:24:09,0.6335,0.63368
707,2023-05-09 00:24:17,0.63351,0.63369
708,2023-05-09 00:24:18,0.63349,0.63367
709,2023-05-09 00:24:21,0.63348,0.63366
710,2023-05-09 00:24:22,0.63349,0.63367
711,2023-05-09 00:24:23,0.63348,0.63366
712,2023-05-09 00:24:25,0.63349,0.63367
713,2023-05-09 00:24:28,0.63345,0.63363
716,2023-05-09 00:24:29,0.633445,0.633625
718,2023-05-09 00:24:30,0.63345,0.63363
719,2023-05-09 00:24:31,0.63349,0.63367
722,2023-05-09 00:24:32,0.63348,0.63366
723,2023-05-09 00:24:35,0.633425,0.633605
725,2023-05-09 00:24:36,0.63343,0.63361
726,2023-05-09 00:24:38,0.63344,0.63362
727,2023-05-09 00:24:42,0.63345,0.63363
728,2023-05-09 00:24:46,0.633455,0.633635
730,2023-05-09 00:24:47,0.63349,0.63367
731,2023-05-09 00:24:49,0.63345,0.63363
732,2023-05-09 00:24:52,0.63346,0.63364
733,2023-05-09 00:24:53,0.63345,0.63363
736,2023-05-09 00:24:55,0.63344,0.63362
737,2023-05-09 00:24:59,0.6334599999999999,0.63364
739,2023-05-09 00:25:00,0.633475,0.6336550000000001
741,2023-05-09 00:25:01,0.63346,0.63364
743,2023-05-09 00:25:03,0.63343,0.63361
744,2023-05-09 00:25:04,0.63344,0.63362
745,2023-05-09 00:25:15,0.63345,0.63363
746,2023-05-09 00:25:16,0.63344,0.63362
747,2023-05-09 00:25:19,0.63343,0.63361
748,2023-05-09 00:25:22,0.63344,0.63362
749,2023-05-09 00:25:23,0.633455,0.633635
751,2023-05-09 00:25:26,0.63344,0.63362
752,2023-05-09 00:25:27,0.63343,0.63361
753,2023-05-09 00:25:32,0.63344,0.63362
754,2023-05-09 00:25:36,0.63343,0.63361
755,2023-05-09 00:25:39,0.63344,0.63362
756,2023-05-09 00:25:40,0.63345,0.63363
757,2023-05-09 00:25:41,0.63344,0.63362
758,2023-05-09 00:25:42,0.633445,0.633625
760,2023-05-09 00:25:46,0.63345,0.63363
761,2023-05-09 00:25:48,0.63347,0.63365
764,2023-05-09 00:25:49,0.633465,0.633645
766,2023-05-09 00:25:50,0.63346,0.63364
767,2023-05-09 00:25:51,0.633475,0.6336550000000001
769,2023-05-09 00:25:53,0.633515,0.633695
771,2023-05-09 00:26:00,0.63353,0.63371
772,2023-05-09 00:26:02,0.63354,0.63372
773,2023-05-09 00:26:03,0.63353,0.63371
774,2023-05-09 00:26:07,0.63354,0.63372
775,2023-05-09 00:26:09,0.6335649999999999,0.633745
777,2023-05-09 00:26:10,0.6335649999999999,0.633745
779,2023-05-09 00:26:11,0.63356,0.63374
780,2023-05-09 00:26:12,0.6335850000000001,0.633765
782,2023-05-09 00:26:17,0.63357,0.63375
784,2023-05-09 00:26:20,0.6335649999999999,0.633745
786,2023-05-09 00:26:30,0.633545,0.633725
788,2023-05-09 00:26:37,0.633555,0.6337349999999999
790,2023-05-09 00:26:40,0.633545,0.633725
792,2023-05-09 00:26:42,0.63355,0.63373
793,2023-05-09 00:26:46,0.63354,0.63372
794,2023-05-09 00:26:47,0.6335649999999999,0.633745
796,2023-05-09 00:26:50,0.63355,0.63373
797,2023-05-09 00:26:51,0.63354,0.63372
798,2023-05-09 00:26:54,0.63357,0.63375
799,2023-05-09 00:27:00,0.63357,0.63375
800,2023-05-09 00:27:01,0.63357,0.63375
802,2023-05-09 00:27:03,0.63358,0.63376
803,2023-05-09 00:27:08,0.633625,0.633805
805,2023-05-09 00:27:13,0.63364,0.63382
806,2023-05-09 00:27:30,0.63365,0.63383
807,2023-05-09 00:27:31,0.63368,0.63386
808,2023-05-09 00:27:32,0.63369,0.63387
809,2023-05-09 00:27:35,0.6337,0.63388
810,2023-05-09 00:27:39,0.63369,0.63387
811,2023-05-09 00:27:42,0.63366,0.63384
812,2023-05-09 00:27:44,0.63368,0.63386
813,2023-05-09 00:27:48,0.6337,0.63388
814,2023-05-09 00:27:59,0.63367,0.63385
816,2023-05-09 00:28:00,0.63367,0.63385
818,2023-05-09 00:28:08,0.63367,0.63385
819,2023-05-09 00:28:11,0.633675,0.6338550000000001
821,2023-05-09 00:28:12,0.633675,0.6338550000000001
823,2023-05-09 00:28:15,0.633675,0.6338550000000001
825,2023-05-09 00:28:17,0.633675,0.6338550000000001
827,2023-05-09 00:28:22,0.6336550000000001,0.6338349999999999
829,2023-05-09 00:28:28,0.63364,0.63382
830,2023-05-09 00:28:29,0.63369,0.63387
831,2023-05-09 00:28:36,0.63366,0.63384
832,2023-05-09 00:28:38,0.633645,0.6338250000000001
834,2023-05-09 00:28:41,0.63363,0.63381
835,2023-05-09 00:28:42,0.63364,0.63382
836,2023-05-09 00:28:43,0.63367,0.63385
838,2023-05-09 00:28:44,0.6337200000000001,0.6338999999999999
840,2023-05-09 00:28:45,0.6337349999999999,0.633915
842,2023-05-09 00:28:46,0.63372,0.6339
843,2023-05-09 00:28:49,0.633725,0.6339049999999999
845,2023-05-09 00:28:50,0.63373,0.63391
846,2023-05-09 00:28:52,0.633725,0.6339049999999999
848,2023-05-09 00:28:53,0.6337349999999999,0.633915
850,2023-05-09 00:28:54,0.6337349999999999,0.633915
852,2023-05-09 00:28:58,0.63374,0.63392
853,2023-05-09 00:28:59,0.6337349999999999,0.633915
855,2023-05-09 00:29:00,0.63373,0.63391
856,2023-05-09 00:29:04,0.63374,0.63392
857,2023-05-09 00:29:11,0.63373,0.63391
858,2023-05-09 00:29:13,0.63374,0.63392
859,2023-05-09 00:29:14,0.63373,0.63391
860,2023-05-09 00:29:18,0.63374,0.63392
861,2023-05-09 00:29:20,0.6337649999999999,0.633945
863,2023-05-09 00:29:22,0.63378,0.63396
864,2023-05-09 00:29:25,0.63379,0.63397
865,2023-05-09 00:29:26,0.63378,0.63396
866,2023-05-09 00:29:29,0.6338,0.63398
867,2023-05-09 00:29:35,0.633795,0.633975
869,2023-05-09 00:29:36,0.63381,0.63399
870,2023-05-09 00:29:37,0.6338,0.63398
871,2023-05-09 00:29:45,0.63381,0.63399
872,2023-05-09 00:29:48,0.6338,0.63398
873,2023-05-09 00:29:50,0.63381,0.63399
874,2023-05-09 00:29:52,0.6338,0.63398
875,2023-05-09 00:29:54,0.63381,0.63399
876,2023-05-09 00:30:00,0.63381,0.63399
877,2023-05-09 00:30:01,0.63382,0.634
878,2023-05-09 00:30:04,0.633845,0.6340250000000001
880,2023-05-09 00:30:05,0.63386,0.63404
881,2023-05-09 00:30:08,0.63387,0.63405
882,2023-05-09 00:30:10,0.63386,0.63404
883,2023-05-09 00:30:17,0.63387,0.63405
884,2023-05-09 00:30:19,0.63388,0.63406
885,2023-05-09 00:30:21,0.63389,0.63407
886,2023-05-09 00:30:23,0.63388,0.63406
887,2023-05-09 00:30:24,0.63387,0.63405
888,2023-05-09 00:30:26,0.63386,0.63404
889,2023-05-09 00:30:30,0.63385,0.63403
890,2023-05-09 00:30:35,0.63384,0.63402
891,2023-05-09 00:30:43,0.63385,0.63403
892,2023-05-09 00:31:00,0.63385,0.63403
893,2023-05-09 00:31:02,0.63384,0.63402
894,2023-05-09 00:31:03,0.6338550000000001,0.634035
896,2023-05-09 00:31:05,0.63385,0.63403
897,2023-05-09 00:31:15,0.63386,0.63404
898,2023-05-09 00:31:16,0.633875,0.634055
900,2023-05-09 00:31:30,0.63385,0.63403
901,2023-05-09 00:31:31,0.63384,0.63402
902,2023-05-09 00:31:32,0.63385,0.63403
903,2023-05-09 00:31:42,0.633875,0.634055
905,2023-05-09 00:31:43,0.63389,0.63407
906,2023-05-09 00:31:50,0.6339,0.63408
907,2023-05-09 00:32:00,0.6339,0.63408
908,2023-05-09 00:32:25,0.63386,0.63404
911,2023-05-09 00:32:28,0.63384,0.63402
912,2023-05-09 00:32:34,0.63383,0.63401
913,2023-05-09 00:32:35,0.63382,0.634
914,2023-05-09 00:32:41,0.63381,0.63399
915,2023-05-09 00:32:44,0.63378,0.63396
916,2023-05-09 00:33:00,0.63378,0.63396
917,2023-05-09 00:33:01,0.6337349999999999,0.633915
919,2023-05-09 00:33:16,0.63367,0.63385
920,2023-05-09 00:33:17,0.63366,0.63384
921,2023-05-09 00:33:26,0.63365,0.63383
922,2023-05-09 00:33:30,0.6336649999999999,0.633845
924,2023-05-09 00:33:33,0.6336649999999999,0.633845
926,2023-05-09 00:33:35,0.63366,0.63384
927,2023-05-09 00:33:36,0.6337,0.63388
928,2023-05-09 00:33:37,0.63372,0.6339
931,2023-05-09 00:33:38,0.63368,0.63386
932,2023-05-09 00:33:39,0.63369,0.63387
933,2023-05-09 00:33:40,0.6337,0.63388
934,2023-05-09 00:33:41,0.63371,0.63389
935,2023-05-09 00:33:44,0.63372,0.6339
936,2023-05-09 00:33:45,0.63371,0.63389
937,2023-05-09 00:33:46,0.6337,0.63388
938,2023-05-09 00:33:47,0.63368,0.6338600000000001
940,2023-05-09 00:33:50,0.63369,0.63387
941,2023-05-09 00:33:52,0.63371,0.63389
942,2023-05-09 00:33:55,0.63372,0.6339
943,2023-05-09 00:34:00,0.63372,0.6339
944,2023-05-09 00:34:16,0.633765,0.633945
946,2023-05-09 00:34:23,0.63379,0.63397
947,2023-05-09 00:34:24,0.63378,0.63396
948,2023-05-09 00:34:28,0.63379,0.63397
949,2023-05-09 00:34:30,0.63378,0.63396
950,2023-05-09 00:35:00,0.63378,0.63396
951,2023-05-09 00:35:05,0.63381,0.63399
952,2023-05-09 00:35:08,0.63382,0.634
953,2023-05-09 00:35:35,0.63385,0.63403
954,2023-05-09 00:35:37,0.63384,0.63402
957,2023-05-09 00:35:49,0.63383,0.63401
958,2023-05-09 00:35:52,0.63382,0.634
959,2023-05-09 00:35:56,0.63381,0.63399
960,2023-05-09 00:35:57,0.63378,0.63396
961,2023-05-09 00:35:58,0.63376,0.63394
962,2023-05-09 00:36:00,0.63377,0.63395
964,2023-05-09 00:36:18,0.63377,0.63395
965,2023-05-09 00:36:24,0.63378,0.63396
966,2023-05-09 00:36:27,0.63377,0.63395
967,2023-05-09 00:36:30,0.633705,0.633885
969,2023-05-09 00:36:31,0.63369,0.63387
970,2023-05-09 00:36:40,0.6337,0.63388
971,2023-05-09 00:36:41,0.633685,0.633865
973,2023-05-09 00:36:45,0.63369,0.63387
974,2023-05-09 00:36:46,0.63371,0.63389
975,2023-05-09 00:37:00,0.63371,0.63389
976,2023-05-09 00:37:04,0.63364,0.63382
979,2023-05-09 00:37:06,0.63364,0.63382
980,2023-05-09 00:37:08,0.63363,0.63381
981,2023-05-09 00:37:14,0.63364,0.63382
982,2023-05-09 00:37:15,0.63365,0.63383
983,2023-05-09 00:37:16,0.63364,0.63382
984,2023-05-09 00:37:20,0.63365,0.63383
985,2023-05-09 00:37:23,0.6336550000000001,0.6338349999999999
987,2023-05-09 00:37:27,0.63364,0.63382
988,2023-05-09 00:37:28,0.6335999999999999,0.63378
990,2023-05-09 00:37:30,0.63361,0.63379
991,2023-05-09 00:37:32,0.63362,0.6338
992,2023-05-09 00:37:33,0.63364,0.63382
993,2023-05-09 00:37:34,0.63365,0.63383
994,2023-05-09 00:37:35,0.63363,0.63381
995,2023-05-09 00:37:36,0.63364,0.63382
996,2023-05-09 00:37:47,0.6336,0.63378
997,2023-05-09 00:37:48,0.63358,0.63376
998,2023-05-09 00:37:51,0.63359,0.63377
999,2023-05-09 00:37:52,0.6336,0.63378
1000,2023-05-09 00:37:56,0.633635,0.633815
1002,2023-05-09 00:37:59,0.633675,0.6338550000000001
1004,2023-05-09 00:38:00,0.6337,0.63388
1005,2023-05-09 00:38:14,0.63371,0.63389
1006,2023-05-09 00:38:15,0.63374,0.63392
1007,2023-05-09 00:38:19,0.63375,0.63393
1008,2023-05-09 00:38:28,0.63376,0.63394
1009,2023-05-09 00:38:29,0.63378,0.63396
1010,2023-05-09 00:38:37,0.63373,0.63391
1011,2023-05-09 00:38:38,0.63371,0.63389
1012,2023-05-09 00:38:39,0.63368,0.63386
1013,2023-05-09 00:38:41,0.633745,0.633925
1017,2023-05-09 00:38:43,0.63376,0.63394
1018,2023-05-09 00:38:45,0.63378,0.63396
1019,2023-05-09 00:38:54,0.633805,0.633985
1021,2023-05-09 00:38:55,0.63378,0.63396
1022,2023-05-09 00:38:58,0.6338,0.63398
1023,2023-05-09 00:38:59,0.63382,0.634
1024,2023-05-09 00:39:00,0.63382,0.634
1025,2023-05-09 00:39:03,0.6338250000000001,0.6340049999999999
1027,2023-05-09 00:39:07,0.63374,0.63392
1030,2023-05-09 00:39:08,0.63372,0.6339
1031,2023-05-09 00:39:11,0.63374,0.63392
1032,2023-05-09 00:39:13,0.6337550000000001,0.6339349999999999
1034,2023-05-09 00:39:14,0.63377,0.63395
1036,2023-05-09 00:39:15,0.63379,0.63397
1038,2023-05-09 00:39:16,0.63379,0.63397
1039,2023-05-09 00:39:17,0.633775,0.633955
1041,2023-05-09 00:39:18,0.63378,0.63396
1042,2023-05-09 00:39:20,0.63377,0.63395
1043,2023-05-09 00:39:21,0.63378,0.63396
1044,2023-05-09 00:39:23,0.63379,0.63397
1045,2023-05-09 00:39:25,0.63381,0.63399
1048,2023-05-09 00:39:27,0.6338250000000001,0.6340049999999999
1050,2023-05-09 00:39:30,0.63382,0.634
1051,2023-05-09 00:39:34,0.63383,0.63401
1052,2023-05-09 00:39:40,0.6337900000000001,0.6339699999999999
1054,2023-05-09 00:39:42,0.6337649999999999,0.633945
1056,2023-05-09 00:39:43,0.63377,0.63395
1057,2023-05-09 00:39:44,0.63376,0.63394
1058,2023-05-09 00:39:48,0.63377,0.63395
1059,2023-05-09 00:39:49,0.63374,0.63392
1060,2023-05-09 00:39:50,0.63373,0.63391
1061,2023-05-09 00:39:51,0.63374,0.63392
1062,2023-05-09 00:39:52,0.63374,0.63392
1065,2023-05-09 00:39:54,0.63377,0.63395
1066,2023-05-09 00:39:55,0.633785,0.633965
1068,2023-05-09 00:39:57,0.63376,0.63394
1069,2023-05-09 00:39:59,0.63375,0.63393
1070,2023-05-09 00:40:00,0.63375,0.63393
1071,2023-05-09 00:40:02,0.63376,0.63394
1072,2023-05-09 00:40:03,0.633745,0.6339250000000001
1074,2023-05-09 00:40:04,0.6337349999999999,0.633915
1076,2023-05-09 00:40:08,0.633745,0.6339250000000001
1078,2023-05-09 00:40:09,0.63373,0.63391
1079,2023-05-09 00:40:10,0.633705,0.633885
1081,2023-05-09 00:40:11,0.6337,0.63388
1084,2023-05-09 00:40:12,0.6337,0.63388
1085,2023-05-09 00:40:13,0.63371,0.63389
1086,2023-05-09 00:40:16,0.6337200000000001,0.6338999999999999
1088,2023-05-09 00:40:17,0.6337,0.63388
1089,2023-05-09 00:40:18,0.63371,0.63389
1090,2023-05-09 00:40:21,0.6337,0.63388
1091,2023-05-09 00:40:30,0.63369,0.63387
1092,2023-05-09 00:40:31,0.633705,0.633885
1094,2023-05-09 00:40:32,0.6337,0.63388
1095,2023-05-09 00:40:33,0.63369,0.63387
1096,2023-05-09 00:40:34,0.6337,0.63388
1097,2023-05-09 00:40:35,0.63371,0.63389
1098,2023-05-09 00:40:36,0.6337,0.63388
1099,2023-05-09 00:40:37,0.63371,0.63389
1100,2023-05-09 00:40:38,0.633715,0.633895
1102,2023-05-09 00:40:39,0.633705,0.633885
1104,2023-05-09 00:40:44,0.6337,0.63388
1105,2023-05-09 00:40:45,0.63371,0.63389
1106,2023-05-09 00:40:46,0.63371,0.6338900000000001
1108,2023-05-09 00:40:49,0.63369,0.63387
1109,2023-05-09 00:40:50,0.6337,0.63388
1110,2023-05-09 00:40:51,0.63369,0.63387
1111,2023-05-09 00:40:53,0.6337,0.63388
1112,2023-05-09 00:40:55,0.63369,0.63387
1113,2023-05-09 00:40:56,0.6337,0.63388
1114,2023-05-09 00:40:59,0.63369,0.63387
1115,2023-05-09 00:41:00,0.63369,0.63387
1116,2023-05-09 00:41:01,0.6337,0.63388
1117,2023-05-09 00:41:08,0.63369,0.63387
1118,2023-05-09 00:41:11,0.6337,0.63388
1119,2023-05-09 00:41:12,0.63369,0.63387
1120,2023-05-09 00:41:13,0.6337,0.63388
1121,2023-05-09 00:41:14,0.63369,0.63387
1122,2023-05-09 00:41:15,0.6337,0.63388
1123,2023-05-09 00:41:17,0.633715,0.633895
1125,2023-05-09 00:41:19,0.63371,0.63389
1126,2023-05-09 00:41:20,0.633725,0.6339049999999999
1128,2023-05-09 00:41:21,0.633715,0.633895
1130,2023-05-09 00:41:23,0.63372,0.6339
1131,2023-05-09 00:41:27,0.63371,0.63389
1132,2023-05-09 00:41:31,0.6337349999999999,0.633915
1134,2023-05-09 00:41:32,0.63372,0.6339
1135,2023-05-09 00:41:34,0.63373,0.63391
1136,2023-05-09 00:41:35,0.63373,0.63391
1139,2023-05-09 00:41:36,0.63371,0.63389
1140,2023-05-09 00:41:37,0.633695,0.633875
1142,2023-05-09 00:41:48,0.6337,0.63388
1143,2023-05-09 00:41:49,0.63368,0.63386
1144,2023-05-09 00:41:52,0.63367,0.63385
1145,2023-05-09 00:41:59,0.63368,0.63386
1146,2023-05-09 00:42:00,0.63368,0.63386
1147,2023-05-09 00:42:04,0.6337,0.63388
1148,2023-05-09 00:42:09,0.63371,0.63389
1149,2023-05-09 00:42:10,0.633705,0.633885
1151,2023-05-09 00:42:11,0.633725,0.6339049999999999
1153,2023-05-09 00:42:12,0.63372,0.6339
1156,2023-05-09 00:42:13,0.633715,0.633895
1158,2023-05-09 00:42:14,0.63373,0.63391
1159,2023-05-09 00:42:16,0.633715,0.633895
1161,2023-05-09 00:42:17,0.6337,0.63388
1162,2023-05-09 00:42:18,0.633715,0.633895
1164,2023-05-09 00:42:19,0.63371,0.63389
1165,2023-05-09 00:42:22,0.633695,0.633875
1167,2023-05-09 00:42:28,0.633715,0.633895
1169,2023-05-09 00:42:56,0.6336999999999999,0.63388
1171,2023-05-09 00:43:00,0.63368,0.63386
1172,2023-05-09 00:43:02,0.63369,0.63387
1173,2023-05-09 00:43:03,0.63368,0.63386
1174,2023-05-09 00:43:05,0.63369,0.63387
1175,2023-05-09 00:43:07,0.63368,0.63386
1176,2023-05-09 00:43:21,0.63367,0.63385
1177,2023-05-09 00:43:22,0.63369,0.63387
1178,2023-05-09 00:43:25,0.6337,0.63388
1179,2023-05-09 00:43:28,0.63369,0.63387
1180,2023-05-09 00:43:33,0.6337,0.63388
1181,2023-05-09 00:43:34,0.63372,0.6339
1182,2023-05-09 00:43:38,0.63371,0.63389
1183,2023-05-09 00:43:41,0.633705,0.633885
1185,2023-05-09 00:43:58,0.633715,0.633895
1187,2023-05-09 00:44:00,0.63371,0.63389
1188,2023-05-09 00:44:09,0.63375,0.63393
1190,2023-05-09 00:44:10,0.6337349999999999,0.633915
1192,2023-05-09 00:44:15,0.63373,0.63391
1193,2023-05-09 00:44:23,0.63374,0.63392
1194,2023-05-09 00:44:24,0.63373,0.63391
1195,2023-05-09 00:44:32,0.63372,0.6339
1196,2023-05-09 00:44:40,0.63374,0.63392
1197,2023-05-09 00:44:45,0.63376,0.63394
1198,2023-05-09 00:44:52,0.63378,0.63396
1199,2023-05-09 00:45:00,0.63378,0.63396
1200,2023-05-09 00:45:04,0.633775,0.633955
1202,2023-05-09 00:45:17,0.63377,0.63395
1203,2023-05-09 00:45:18,0.63378,0.63396
1204,2023-05-09 00:45:21,0.63374,0.63392
1205,2023-05-09 00:45:22,0.63373,0.63391
1206,2023-05-09 00:45:26,0.633695,0.633875
1208,2023-05-09 00:45:28,0.63369,0.63387
1209,2023-05-09 00:45:33,0.63367,0.63385
1210,2023-05-09 00:45:34,0.63368,0.63386
1211,2023-05-09 00:45:36,0.6337,0.63388
1212,2023-05-09 00:45:41,0.63369,0.63387
1213,2023-05-09 00:45:45,0.6337,0.63388
1214,2023-05-09 00:45:47,0.63371,0.63389
1215,2023-05-09 00:45:48,0.63372,0.6339
1216,2023-05-09 00:45:49,0.63372,0.6339
1219,2023-05-09 00:45:51,0.63372,0.6339
1220,2023-05-09 00:45:52,0.633715,0.633895
1222,2023-05-09 00:45:54,0.63371,0.63389
1223,2023-05-09 00:45:55,0.63374,0.63392
1227,2023-05-09 00:45:56,0.63373,0.63391
1228,2023-05-09 00:46:00,0.63373,0.63391
1229,2023-05-09 00:46:02,0.63374,0.63392
1230,2023-05-09 00:46:05,0.63373,0.63391
1231,2023-05-09 00:46:06,0.63374,0.63392
1232,2023-05-09 00:46:07,0.633745,0.6339250000000001
1234,2023-05-09 00:46:08,0.633765,0.633945
1236,2023-05-09 00:46:09,0.63377,0.63395
1239,2023-05-09 00:46:11,0.633785,0.633965
1241,2023-05-09 00:46:12,0.633805,0.633985
1243,2023-05-09 00:46:13,0.6338,0.63398
1246,2023-05-09 00:46:14,0.63379,0.63397
1247,2023-05-09 00:46:16,0.6338,0.63398
1248,2023-05-09 00:46:17,0.63381,0.63399
1249,2023-05-09 00:46:18,0.63382,0.634
1250,2023-05-09 00:46:21,0.63381,0.63399
1251,2023-05-09 00:46:23,0.6338,0.63398
1252,2023-05-09 00:46:24,0.63379,0.63397
1253,2023-05-09 00:46:30,0.63378,0.63396
1254,2023-05-09 00:46:32,0.63379,0.63397
1255,2023-05-09 00:46:34,0.63378,0.63396
1256,2023-05-09 00:46:35,0.63379,0.63397
1257,2023-05-09 00:46:37,0.633805,0.633985
1259,2023-05-09 00:46:39,0.63381,0.63399
1261,2023-05-09 00:46:40,0.6338,0.63398
1262,2023-05-09 00:46:41,0.63379,0.63397
1263,2023-05-09 00:46:50,0.6338,0.63398
1264,2023-05-09 00:46:52,0.6338,0.63398
1267,2023-05-09 00:46:53,0.6338,0.63398
1268,2023-05-09 00:46:54,0.633805,0.633985
1270,2023-05-09 00:46:55,0.63376,0.63394
1272,2023-05-09 00:47:00,0.63375,0.63393
1273,2023-05-09 00:47:04,0.63374,0.63392
1274,2023-05-09 00:47:05,0.63373,0.63391
1275,2023-05-09 00:47:10,0.6337,0.63388
1276,2023-05-09 00:47:11,0.63369,0.63387
1277,2023-05-09 00:47:12,0.6337,0.63388
1278,2023-05-09 00:47:13,0.63373,0.63391
1279,2023-05-09 00:47:16,0.63372,0.6339
1280,2023-05-09 00:47:23,0.63373,0.63391
1281,2023-05-09 00:47:28,0.63374,0.63392
1282,2023-05-09 00:47:29,0.63373,0.63391
1283,2023-05-09 00:47:30,0.63372,0.6339
1286,2023-05-09 00:47:31,0.633725,0.6339049999999999
1288,2023-05-09 00:48:00,0.63372,0.6339
1289,2023-05-09 00:48:11,0.63373,0.63391
1290,2023-05-09 00:48:16,0.63374,0.63392
1291,2023-05-09 00:48:20,0.633745,0.6339250000000001
1293,2023-05-09 00:48:24,0.63375,0.63393
1294,2023-05-09 00:48:25,0.63376,0.63394
1295,2023-05-09 00:48:27,0.6337550000000001,0.6339349999999999
1297,2023-05-09 00:48:28,0.6337550000000001,0.6339349999999999
1299,2023-05-09 00:48:29,0.6337550000000001,0.6339349999999999
1301,2023-05-09 00:48:31,0.6337649999999999,0.633945
1303,2023-05-09 00:48:32,0.63375,0.63393
1304,2023-05-09 00:48:33,0.63376,0.63394
1307,2023-05-09 00:48:34,0.63375,0.63393
1308,2023-05-09 00:48:35,0.63376,0.63394
1309,2023-05-09 00:48:36,0.6337550000000001,0.6339349999999999
1311,2023-05-09 00:48:37,0.6337649999999999,0.633945
1313,2023-05-09 00:48:38,0.63377,0.63395
1314,2023-05-09 00:48:40,0.63376,0.63394
1315,2023-05-09 00:48:41,0.63377,0.63395
1316,2023-05-09 00:48:42,0.63376,0.63394
1317,2023-05-09 00:48:44,0.63375,0.63393
1318,2023-05-09 00:48:46,0.6337649999999999,0.633945
1320,2023-05-09 00:48:47,0.63379,0.63397
1323,2023-05-09 00:48:48,0.63379,0.63397
1324,2023-05-09 00:48:50,0.633805,0.633985
1326,2023-05-09 00:48:55,0.6338,0.63398
1327,2023-05-09 00:48:57,0.63381,0.63399
1328,2023-05-09 00:49:00,0.63381,0.63399
1329,2023-05-09 00:49:01,0.63382,0.634
1330,2023-05-09 00:49:02,0.63382,0.634
1332,2023-05-09 00:49:03,0.63384,0.63402
1333,2023-05-09 00:49:07,0.63381,0.63399
1334,2023-05-09 00:49:09,0.63382,0.634
1335,2023-05-09 00:49:15,0.63381,0.63399
1336,2023-05-09 00:49:16,0.63382,0.634
1337,2023-05-09 00:49:17,0.6338,0.63398
1340,2023-05-09 00:49:21,0.63382,0.634
1341,2023-05-09 00:49:24,0.63383,0.63401
1342,2023-05-09 00:49:25,0.6338250000000001,0.6340049999999999
1344,2023-05-09 00:49:26,0.6338250000000001,0.6340049999999999
1346,2023-05-09 00:49:30,0.63384,0.63402
1347,2023-05-09 00:49:34,0.63383,0.63401
1348,2023-05-09 00:49:37,0.63384,0.63402
1349,2023-05-09 00:49:42,0.6338550000000001,0.634035
1351,2023-05-09 00:49:44,0.63385,0.63403
1352,2023-05-09 00:49:46,0.63386,0.63404
1353,2023-05-09 00:49:47,0.633865,0.634045
1355,2023-05-09 00:49:48,0.6338550000000001,0.634035
1357,2023-05-09 00:49:49,0.63385,0.63403
1358,2023-05-09 00:49:50,0.63386,0.63404
1359,2023-05-09 00:49:54,0.63384,0.63402
1360,2023-05-09 00:49:59,0.633795,0.633975
1362,2023-05-09 00:50:00,0.63379,0.63397
1363,2023-05-09 00:50:01,0.63382,0.634
1364,2023-05-09 00:50:02,0.633795,0.633975
1366,2023-05-09 00:50:05,0.63381,0.63399
1367,2023-05-09 00:50:30,0.633775,0.633955
1369,2023-05-09 00:50:32,0.63378,0.63396
1370,2023-05-09 00:50:33,0.63378,0.6339600000000001
1372,2023-05-09 00:50:34,0.6337550000000001,0.6339349999999999
1374,2023-05-09 00:50:35,0.63366,0.63384
1377,2023-05-09 00:50:39,0.63366,0.63384
1378,2023-05-09 00:50:41,0.63367,0.63385
1379,2023-05-09 00:50:42,0.63368,0.63386
1380,2023-05-09 00:50:45,0.63374,0.63392
1383,2023-05-09 00:50:48,0.63377,0.63395
1384,2023-05-09 00:50:52,0.633805,0.633985
1386,2023-05-09 00:50:59,0.63381,0.63399
1387,2023-05-09 00:51:00,0.63381,0.63399
1388,2023-05-09 00:51:04,0.63382,0.634
1389,2023-05-09 00:51:05,0.63384,0.63402
1390,2023-05-09 00:51:11,0.633865,0.634045
1392,2023-05-09 00:51:13,0.63386,0.63404
1393,2023-05-09 00:51:18,0.63387,0.63405
1394,2023-05-09 00:51:19,0.63386,0.63404
1395,2023-05-09 00:51:23,0.63385,0.63403
1396,2023-05-09 00:51:28,0.63386,0.63404
1397,2023-05-09 00:51:30,0.63385,0.63403
1398,2023-05-09 00:51:31,0.63386,0.63404
1399,2023-05-09 00:51:33,0.63385,0.63403
1400,2023-05-09 00:51:34,0.63386,0.63404
1401,2023-05-09 00:51:37,0.63387,0.63405
1402,2023-05-09 00:51:40,0.63389,0.63407
1403,2023-05-09 00:51:41,0.6339049999999999,0.634085
1405,2023-05-09 00:51:43,0.63388,0.6340600000000001
1409,2023-05-09 00:51:44,0.63384,0.63402
1410,2023-05-09 00:51:47,0.63383,0.63401
1411,2023-05-09 00:51:59,0.63382,0.634
1412,2023-05-09 00:52:00,0.633815,0.6339950000000001
1414,2023-05-09 00:52:05,0.63382,0.634
1415,2023-05-09 00:52:09,0.63383,0.63401
1416,2023-05-09 00:52:19,0.63382,0.634
1417,2023-05-09 00:52:20,0.63376,0.63394
1418,2023-05-09 00:52:22,0.6338,0.63398
1419,2023-05-09 00:52:23,0.63379,0.63397
1420,2023-05-09 00:52:31,0.6338,0.63398
1421,2023-05-09 00:52:32,0.63379,0.63397
1422,2023-05-09 00:52:37,0.63378,0.63396
1423,2023-05-09 00:52:44,0.633795,0.633975
1425,2023-05-09 00:52:54,0.633805,0.633985
1427,2023-05-09 00:52:55,0.63379,0.63397
1428,2023-05-09 00:52:56,0.6338,0.63398
1429,2023-05-09 00:52:57,0.63379,0.63397
1430,2023-05-09 00:52:59,0.6338,0.63398
1431,2023-05-09 00:53:00,0.633805,0.633985
1433,2023-05-09 00:53:01,0.63379,0.63397
1434,2023-05-09 00:53:03,0.63378,0.63396
1435,2023-05-09 00:53:06,0.63377,0.63395
1436,2023-05-09 00:53:08,0.63376,0.63394
1437,2023-05-09 00:53:09,0.63377,0.63395
1438,2023-05-09 00:53:11,0.63376,0.63394
1439,2023-05-09 00:53:24,0.6337649999999999,0.633945
1441,2023-05-09 00:53:25,0.63377,0.63395
1442,2023-05-09 00:53:30,0.63376,0.63394
1443,2023-05-09 00:53:38,0.633775,0.633955
1445,2023-05-09 00:53:42,0.633775,0.633955
1447,2023-05-09 00:53:43,0.6338,0.63398
1450,2023-05-09 00:53:51,0.6338,0.63398
1451,2023-05-09 00:54:00,0.6338,0.63398
1452,2023-05-09 00:54:01,0.63379,0.63397
1453,2023-05-09 00:54:02,0.6338,0.63398
1454,2023-05-09 00:54:04,0.63379,0.63397
1455,2023-05-09 00:54:11,0.63375,0.63393
1456,2023-05-09 00:54:14,0.6337649999999999,0.633945
1458,2023-05-09 00:54:16,0.633725,0.6339049999999999
1460,2023-05-09 00:54:17,0.633745,0.6339250000000001
1462,2023-05-09 00:54:21,0.63372,0.6339
1463,2023-05-09 00:54:26,0.63373,0.63391
1464,2023-05-09 00:54:27,0.63372,0.6339
1465,2023-05-09 00:54:31,0.63373,0.63391
1466,2023-05-09 00:54:36,0.633745,0.6339250000000001
1468,2023-05-09 00:54:40,0.63373,0.63391
1469,2023-05-09 00:54:41,0.63374,0.63392
1470,2023-05-09 00:54:43,0.63373,0.63391
1471,2023-05-09 00:54:44,0.6337349999999999,0.633915
1473,2023-05-09 00:54:46,0.63372,0.6339
1474,2023-05-09 00:54:47,0.63372,0.6339
1477,2023-05-09 00:54:49,0.6337,0.63388
1478,2023-05-09 00:54:52,0.63371,0.63389
1479,2023-05-09 00:54:53,0.63371,0.6338900000000001
1481,2023-05-09 00:54:54,0.633705,0.633885
1483,2023-05-09 00:54:57,0.633725,0.6339049999999999
1485,2023-05-09 00:54:59,0.6337,0.63388
1486,2023-05-09 00:55:00,0.6335999999999999,0.63378
1490,2023-05-09 00:55:01,0.63362,0.6338
1491,2023-05-09 00:55:02,0.6335850000000001,0.6337649999999999
1493,2023-05-09 00:55:03,0.63359,0.63377
1494,2023-05-09 00:55:05,0.633635,0.633815
1496,2023-05-09 00:55:06,0.6336649999999999,0.633845
1498,2023-05-09 00:55:07,0.63368,0.63386
1499,2023-05-09 00:55:10,0.63366,0.63384
1502,2023-05-09 00:55:16,0.6336649999999999,0.633845
1504,2023-05-09 00:55:17,0.63367,0.63385
1505,2023-05-09 00:55:19,0.63366,0.63384
1506,2023-05-09 00:55:21,0.63367,0.63385
1507,2023-05-09 00:55:22,0.63366,0.63384
1508,2023-05-09 00:55:24,0.63369,0.63387
1509,2023-05-09 00:55:36,0.633605,0.633785
1511,2023-05-09 00:55:38,0.63358,0.63376
1512,2023-05-09 00:55:39,0.633515,0.633695
1514,2023-05-09 00:55:40,0.633525,0.633705
1516,2023-05-09 00:55:41,0.633525,0.633705
1518,2023-05-09 00:55:42,0.63352,0.6337
1519,2023-05-09 00:55:44,0.63354,0.63372
1520,2023-05-09 00:55:49,0.63355,0.63373
1521,2023-05-09 00:56:00,0.63356,0.63374
1524,2023-05-09 00:56:01,0.6336,0.63378
1525,2023-05-09 00:56:02,0.633625,0.633805
1527,2023-05-09 00:56:05,0.63365,0.63383
1528,2023-05-09 00:56:06,0.63364,0.63382
1529,2023-05-09 00:56:10,0.63365,0.63383
1530,2023-05-09 00:56:11,0.6336649999999999,0.633845
1532,2023-05-09 00:56:12,0.633685,0.633865
1534,2023-05-09 00:56:13,0.63367,0.63385
1535,2023-05-09 00:56:15,0.63365,0.63383
1536,2023-05-09 00:56:16,0.63366,0.63384
1537,2023-05-09 00:56:18,0.633675,0.6338550000000001
1539,2023-05-09 00:56:23,0.63369,0.63387
1540,2023-05-09 00:56:26,0.63368,0.63386
1541,2023-05-09 00:56:27,0.63366,0.63384
1542,2023-05-09 00:56:29,0.63367,0.63385
1543,2023-05-09 00:56:31,0.63366,0.63384
1544,2023-05-09 00:56:33,0.6336550000000001,0.6338349999999999
1546,2023-05-09 00:56:37,0.63367,0.63385
1547,2023-05-09 00:56:41,0.63366,0.63384
1548,2023-05-09 00:56:42,0.63367,0.63385
1549,2023-05-09 00:56:47,0.63365,0.63383
1550,2023-05-09 00:56:52,0.63366,0.63384
1551,2023-05-09 00:56:53,0.63367,0.63385
1552,2023-05-09 00:56:54,0.63366,0.63384
1553,2023-05-09 00:56:55,0.63365,0.63383
1554,2023-05-09 00:56:57,0.63366,0.63384
1555,2023-05-09 00:57:00,0.63366,0.63384
1556,2023-05-09 00:57:02,0.63364,0.63382
1557,2023-05-09 00:57:03,0.63365,0.63383
1558,2023-05-09 00:57:07,0.63366,0.63384
1559,2023-05-09 00:57:11,0.63365,0.63383
1560,2023-05-09 00:57:20,0.63364,0.63382
1561,2023-05-09 00:57:22,0.63365,0.63383
1562,2023-05-09 00:57:24,0.63364,0.63382
1563,2023-05-09 00:57:35,0.63362,0.6338
1564,2023-05-09 00:57:38,0.633625,0.633805
1566,2023-05-09 00:57:39,0.633615,0.633795
1568,2023-05-09 00:57:47,0.63364,0.63382
1569,2023-05-09 00:57:48,0.633635,0.633815
1571,2023-05-09 00:57:50,0.63365,0.63383
1572,2023-05-09 00:57:55,0.63364,0.63382
1573,2023-05-09 00:57:57,0.63366,0.63384
1574,2023-05-09 00:58:00,0.63365,0.63383
1577,2023-05-09 00:58:01,0.63365,0.63383
1578,2023-05-09 00:58:02,0.63364,0.63382
1579,2023-05-09 00:58:03,0.63365,0.63383
1580,2023-05-09 00:58:04,0.63364,0.63382
1581,2023-05-09 00:58:10,0.633725,0.6339049999999999
1585,2023-05-09 00:58:17,0.63374,0.63392
1586,2023-05-09 00:58:19,0.6337349999999999,0.633915
1588,2023-05-09 00:58:26,0.63375,0.63393
1589,2023-05-09 00:58:27,0.63376,0.63394
1590,2023-05-09 00:58:28,0.63375,0.63393
1591,2023-05-09 00:58:30,0.63374,0.63392
1592,2023-05-09 00:58:32,0.633745,0.6339250000000001
1594,2023-05-09 00:58:36,0.63373,0.63391
1595,2023-05-09 00:58:41,0.63374,0.63392
1596,2023-05-09 00:58:42,0.63373,0.63391
1597,2023-05-09 00:58:47,0.63369,0.63387
1598,2023-05-09 00:58:48,0.633665,0.633845
1600,2023-05-09 00:58:49,0.633645,0.6338250000000001
1602,2023-05-09 00:58:50,0.63366,0.63384
1603,2023-05-09 00:58:51,0.63371,0.63389
1606,2023-05-09 00:58:52,0.6337,0.63388
1607,2023-05-09 00:59:00,0.6337,0.63388
1608,2023-05-09 00:59:02,0.63369,0.63387
1609,2023-05-09 00:59:04,0.6337,0.63388
1610,2023-05-09 00:59:06,0.63372,0.6339
1611,2023-05-09 00:59:07,0.63374,0.63392
1613,2023-05-09 00:59:12,0.63376,0.63394
1614,2023-05-09 00:59:13,0.63375,0.63393
1615,2023-05-09 00:59:15,0.6337649999999999,0.633945
1617,2023-05-09 00:59:21,0.63376,0.63394
1620,2023-05-09 00:59:23,0.63377,0.63395
1621,2023-05-09 00:59:26,0.63376,0.63394
1622,2023-05-09 00:59:34,0.63375,0.63393
1623,2023-05-09 00:59:35,0.63376,0.63394
1624,2023-05-09 00:59:37,0.63375,0.63393
1625,2023-05-09 00:59:38,0.63373,0.63391
1626,2023-05-09 00:59:42,0.6337349999999999,0.633915
1628,2023-05-09 00:59:45,0.63374,0.63392
1629,2023-05-09 00:59:52,0.63373,0.63391
1630,2023-05-09 00:59:54,0.6337349999999999,0.633915
1632,2023-05-09 00:59:55,0.63374,0.63392
1633,2023-05-09 00:59:56,0.63373,0.63391
1634,2023-05-09 00:59:57,0.63374,0.63392
1635,2023-05-09 01:00:00,0.6337349999999999,0.633915
1637,2023-05-09 01:00:07,0.63366,0.63384
1639,2023-05-09 01:00:10,0.63366,0.63384
1640,2023-05-09 01:00:14,0.63368,0.63386
1641,2023-05-09 01:00:16,0.63369,0.63387
1642,2023-05-09 01:00:18,0.6337,0.63388
1643,2023-05-09 01:00:20,0.63369,0.63387
1644,2023-05-09 01:00:23,0.6337,0.63388
1645,2023-05-09 01:00:26,0.63369,0.63387
1646,2023-05-09 01:00:28,0.63367,0.63385
1647,2023-05-09 01:00:29,0.63368,0.63386
1648,2023-05-09 01:00:31,0.63367,0.63385
1649,2023-05-09 01:00:32,0.63368,0.63386
1650,2023-05-09 01:00:38,0.63369,0.63387
1651,2023-05-09 01:00:42,0.63367,0.63385
1652,2023-05-09 01:00:46,0.6336649999999999,0.633845
1654,2023-05-09 01:00:47,0.63366,0.63384
1655,2023-05-09 01:00:53,0.63365,0.63383
1656,2023-05-09 01:00:59,0.63366,0.63384
1657,2023-05-09 01:01:00,0.6336649999999999,0.633845
1659,2023-05-09 01:01:02,0.63366,0.63384
1660,2023-05-09 01:01:03,0.63364,0.63382
1661,2023-05-09 01:01:04,0.63365,0.63383
1662,2023-05-09 01:01:05,0.63366,0.63384
1663,2023-05-09 01:01:10,0.63367,0.63385
1664,2023-05-09 01:01:12,0.63366,0.63384
1665,2023-05-09 01:01:16,0.63364,0.63382
1666,2023-05-09 01:01:18,0.633625,0.633805
1668,2023-05-09 01:01:24,0.63361,0.63379
1669,2023-05-09 01:01:26,0.63362,0.6338
1670,2023-05-09 01:01:31,0.633635,0.633815
1672,2023-05-09 01:01:32,0.63363,0.63381
1673,2023-05-09 01:01:36,0.63362,0.6338
1674,2023-05-09 01:01:41,0.633615,0.633795
1676,2023-05-09 01:01:49,0.633635,0.633815
1678,2023-05-09 01:01:50,0.633635,0.633815
1680,2023-05-09 01:01:51,0.633645,0.6338250000000001
1682,2023-05-09 01:01:57,0.63365,0.63383
1683,2023-05-09 01:01:59,0.63366,0.63384
1684,2023-05-09 01:02:00,0.63366,0.63384
1687,2023-05-09 01:02:01,0.63369,0.63387
1688,2023-05-09 01:02:02,0.6336900000000001,0.6338699999999999
1690,2023-05-09 01:02:06,0.633675,0.6338550000000001
1692,2023-05-09 01:02:07,0.633675,0.6338550000000001
1694,2023-05-09 01:02:08,0.633675,0.6338550000000001
1696,2023-05-09 01:02:09,0.6336649999999999,0.633845
1698,2023-05-09 01:02:11,0.63365,0.63383
1699,2023-05-09 01:02:13,0.63366,0.63384
1700,2023-05-09 01:02:14,0.63365,0.63383
1701,2023-05-09 01:02:17,0.6336550000000001,0.6338349999999999
1703,2023-05-09 01:02:18,0.63364,0.63382
1704,2023-05-09 01:02:21,0.63365,0.63383
1705,2023-05-09 01:02:25,0.63364,0.63382
1706,2023-05-09 01:02:28,0.63365,0.63383
1707,2023-05-09 01:02:31,0.63367,0.63385
1708,2023-05-09 01:02:33,0.63368,0.63386
1712,2023-05-09 01:02:37,0.63368,0.63386
1713,2023-05-09 01:02:43,0.6336999999999999,0.63388
1715,2023-05-09 01:02:44,0.633725,0.6339049999999999
1717,2023-05-09 01:02:45,0.63374,0.63392
1718,2023-05-09 01:02:46,0.63373,0.63391
1719,2023-05-09 01:02:47,0.63374,0.63392
1720,2023-05-09 01:03:00,0.6337349999999999,0.633915
1722,2023-05-09 01:03:04,0.63374,0.63392
1723,2023-05-09 01:03:09,0.63375,0.63393
1724,2023-05-09 01:03:12,0.63374,0.63392
1725,2023-05-09 01:03:13,0.63373,0.63391
1726,2023-05-09 01:03:14,0.6337649999999999,0.633945
1728,2023-05-09 01:03:17,0.633805,0.633985
1730,2023-05-09 01:03:18,0.63382,0.634
1731,2023-05-09 01:03:19,0.6338349999999999,0.634015
1733,2023-05-09 01:03:26,0.63385,0.63403
1734,2023-05-09 01:03:29,0.63384,0.63402
1735,2023-05-09 01:03:30,0.63385,0.63403
1736,2023-05-09 01:03:47,0.63384,0.63402
1737,2023-05-09 01:04:00,0.63385,0.63403
1738,2023-05-09 01:04:03,0.63384,0.63402
1739,2023-05-09 01:04:04,0.63385,0.63403
1740,2023-05-09 01:04:09,0.63386,0.63404
1741,2023-05-09 01:04:10,0.63387,0.63405
1742,2023-05-09 01:04:23,0.63388,0.63406
1743,2023-05-09 01:04:25,0.633875,0.634055
1745,2023-05-09 01:04:26,0.63387,0.63405
1746,2023-05-09 01:04:39,0.63388,0.63406
1747,2023-05-09 01:04:44,0.63389,0.63407
1748,2023-05-09 01:04:50,0.633915,0.6340950000000001
1750,2023-05-09 01:04:51,0.63392,0.6341
1751,2023-05-09 01:04:52,0.63393,0.63411
1752,2023-05-09 01:04:55,0.6339049999999999,0.634085
1754,2023-05-09 01:04:56,0.63391,0.63409
1755,2023-05-09 01:04:58,0.633915,0.6340950000000001
1757,2023-05-09 01:04:59,0.633885,0.634065
1759,2023-05-09 01:05:00,0.63388,0.63406
1760,2023-05-09 01:05:08,0.6338,0.63398
1763,2023-05-09 01:05:09,0.633805,0.633985
1765,2023-05-09 01:05:15,0.63381,0.63399
1766,2023-05-09 01:05:16,0.63382,0.634
1767,2023-05-09 01:05:19,0.6338250000000001,0.6340049999999999
1769,2023-05-09 01:05:22,0.63383,0.63401
1770,2023-05-09 01:05:24,0.633815,0.6339950000000001
1772,2023-05-09 01:05:30,0.63381,0.63399
1773,2023-05-09 01:05:32,0.633815,0.6339950000000001
1775,2023-05-09 01:05:37,0.63379,0.63397
1776,2023-05-09 01:05:38,0.6338,0.63398
1777,2023-05-09 01:05:43,0.633815,0.6339950000000001
1779,2023-05-09 01:05:44,0.63381,0.63399
1780,2023-05-09 01:05:45,0.63384,0.63402
1782,2023-05-09 01:05:48,0.63385,0.63403
1783,2023-05-09 01:05:49,0.63387,0.63405
1784,2023-05-09 01:05:56,0.63389,0.63407
1785,2023-05-09 01:05:57,0.63388,0.63406
1786,2023-05-09 01:06:00,0.63388,0.63406
1787,2023-05-09 01:06:01,0.63387,0.63405
1788,2023-05-09 01:06:04,0.6338,0.63398
1789,2023-05-09 01:06:05,0.63379,0.63397
1790,2023-05-09 01:06:07,0.63375,0.63393
1791,2023-05-09 01:06:08,0.63374,0.63392
1792,2023-05-09 01:06:10,0.633745,0.6339250000000001
1794,2023-05-09 01:06:11,0.63373,0.63391
1795,2023-05-09 01:06:14,0.63374,0.63392
1796,2023-05-09 01:06:20,0.63375,0.63393
1797,2023-05-09 01:06:23,0.63376,0.63394
1798,2023-05-09 01:06:27,0.63375,0.63393
1799,2023-05-09 01:06:29,0.63377,0.63395
1801,2023-05-09 01:06:30,0.63379,0.63397
1802,2023-05-09 01:06:33,0.6338,0.63398
1803,2023-05-09 01:07:00,0.6338,0.63398
1804,2023-05-09 01:07:13,0.63379,0.63397
1805,2023-05-09 01:07:19,0.63374,0.63392
1806,2023-05-09 01:07:20,0.63375,0.63393
1807,2023-05-09 01:07:24,0.63377,0.63395
1809,2023-05-09 01:07:27,0.633795,0.633975
1811,2023-05-09 01:07:29,0.63379,0.63397
1812,2023-05-09 01:07:30,0.6338,0.63398
1813,2023-05-09 01:07:33,0.63379,0.63397
1814,2023-05-09 01:07:40,0.6338,0.63398
1815,2023-05-09 01:07:42,0.63379,0.63397
1816,2023-05-09 01:07:43,0.6338,0.63398
1817,2023-05-09 01:07:45,0.63379,0.63397
1818,2023-05-09 01:07:52,0.63378,0.63396
1819,2023-05-09 01:08:00,0.63378,0.63396
1820,2023-05-09 01:08:01,0.633745,0.6339250000000001
1822,2023-05-09 01:08:02,0.633745,0.6339250000000001
1824,2023-05-09 01:08:07,0.63373,0.63391
1825,2023-05-09 01:08:08,0.63372,0.6339
1826,2023-05-09 01:08:10,0.63373,0.63391
1827,2023-05-09 01:08:11,0.63372,0.6339
1828,2023-05-09 01:08:14,0.633715,0.633895
1830,2023-05-09 01:08:17,0.6336999999999999,0.63388
1832,2023-05-09 01:08:19,0.633705,0.633885
1834,2023-05-09 01:08:20,0.63371,0.63389
1837,2023-05-09 01:08:21,0.63371,0.63389
1838,2023-05-09 01:08:22,0.633715,0.633895
1840,2023-05-09 01:08:25,0.633715,0.633895
1842,2023-05-09 01:08:26,0.633715,0.633895
1844,2023-05-09 01:08:27,0.6337349999999999,0.633915
1846,2023-05-09 01:08:28,0.63376,0.63394
1847,2023-05-09 01:08:30,0.63375,0.63393
1848,2023-05-09 01:08:32,0.633745,0.6339250000000001
1850,2023-05-09 01:08:42,0.63377,0.63395
1851,2023-05-09 01:08:43,0.63375,0.63393
1852,2023-05-09 01:08:46,0.63374,0.63392
1853,2023-05-09 01:08:47,0.63367,0.63385
1855,2023-05-09 01:08:48,0.63369,0.63387
1858,2023-05-09 01:08:51,0.633715,0.633895
1860,2023-05-09 01:08:52,0.63371,0.63389
1861,2023-05-09 01:08:53,0.6337,0.63388
1862,2023-05-09 01:08:55,0.63372,0.6339
1863,2023-05-09 01:08:56,0.633725,0.6339049999999999
1865,2023-05-09 01:08:58,0.633705,0.633885
1867,2023-05-09 01:09:00,0.63369,0.63387
1868,2023-05-09 01:09:04,0.6337,0.63388
1869,2023-05-09 01:09:06,0.63373,0.63391
1870,2023-05-09 01:09:07,0.63374,0.63392
1871,2023-05-09 01:09:09,0.63375,0.63393
1872,2023-05-09 01:09:10,0.63376,0.63394
1873,2023-05-09 01:09:12,0.633785,0.633965
1875,2023-05-09 01:09:15,0.633745,0.6339250000000001
1877,2023-05-09 01:09:19,0.63375,0.63393
1878,2023-05-09 01:09:21,0.633745,0.6339250000000001
1880,2023-05-09 01:09:22,0.63377,0.63395
1881,2023-05-09 01:09:23,0.6337649999999999,0.633945
1883,2023-05-09 01:09:24,0.63376,0.63394
1884,2023-05-09 01:09:26,0.63375,0.63393
1885,2023-05-09 01:09:27,0.63376,0.63394
1888,2023-05-09 01:09:29,0.63375,0.63393
1889,2023-05-09 01:09:31,0.63376,0.63394
1890,2023-05-09 01:09:32,0.63375,0.63393
1891,2023-05-09 01:09:34,0.63377,0.63395
1892,2023-05-09 01:09:35,0.63376,0.63394
1893,2023-05-09 01:09:36,0.63375,0.63393
1894,2023-05-09 01:09:39,0.63376,0.63394
1895,2023-05-09 01:09:43,0.63375,0.63393
1896,2023-05-09 01:09:47,0.63376,0.63394
1897,2023-05-09 01:09:58,0.63379,0.63397
1898,2023-05-09 01:10:00,0.63379,0.63397
1899,2023-05-09 01:10:09,0.6338,0.63398
1900,2023-05-09 01:10:10,0.63379,0.63397
1901,2023-05-09 01:10:19,0.63378,0.63396
1902,2023-05-09 01:10:20,0.63372,0.6339
1903,2023-05-09 01:10:21,0.63373,0.63391
1906,2023-05-09 01:10:22,0.63372,0.6339
1907,2023-05-09 01:10:23,0.63373,0.63391
1908,2023-05-09 01:10:26,0.63374,0.63392
1909,2023-05-09 01:10:29,0.63376,0.63394
1910,2023-05-09 01:10:30,0.63375,0.63393
1911,2023-05-09 01:10:34,0.6337349999999999,0.633915
1913,2023-05-09 01:10:35,0.63374,0.63392
1914,2023-05-09 01:10:37,0.63373,0.63391
1915,2023-05-09 01:10:42,0.633725,0.6339049999999999
1917,2023-05-09 01:10:47,0.63372,0.6339
1918,2023-05-09 01:10:50,0.63374,0.63392
1919,2023-05-09 01:10:52,0.6337550000000001,0.6339349999999999
1921,2023-05-09 01:10:55,0.63374,0.63392
1922,2023-05-09 01:10:56,0.63376,0.63394
1923,2023-05-09 01:10:58,0.63377,0.63395
1924,2023-05-09 01:10:59,0.63376,0.63394
1925,2023-05-09 01:11:00,0.63376,0.63394
1926,2023-05-09 01:11:01,0.6337649999999999,0.633945
1928,2023-05-09 01:11:02,0.6337649999999999,0.633945
1930,2023-05-09 01:11:03,0.6337649999999999,0.633945
1932,2023-05-09 01:11:04,0.6337649999999999,0.633945
1934,2023-05-09 01:11:06,0.63377,0.63395
1935,2023-05-09 01:11:08,0.63378,0.63396
1936,2023-05-09 01:11:10,0.63377,0.63395
1937,2023-05-09 01:11:17,0.63378,0.63396
1938,2023-05-09 01:11:21,0.6338,0.63398
1939,2023-05-09 01:11:26,0.63381,0.63399
1940,2023-05-09 01:11:35,0.6338,0.63398
1941,2023-05-09 01:11:36,0.633815,0.6339950000000001
1943,2023-05-09 01:11:40,0.6338,0.63398
1944,2023-05-09 01:11:42,0.633745,0.6339250000000001
1946,2023-05-09 01:11:43,0.63372,0.6339
1947,2023-05-09 01:11:46,0.633725,0.6339049999999999
1949,2023-05-09 01:11:47,0.63368,0.63386
1950,2023-05-09 01:11:50,0.63369,0.6338699999999999
1952,2023-05-09 01:11:51,0.63368,0.63386
1953,2023-05-09 01:11:57,0.63367,0.63385
1954,2023-05-09 01:12:00,0.63368,0.63386
1955,2023-05-09 01:12:02,0.6337,0.63388
1956,2023-05-09 01:12:03,0.63369,0.63387
1957,2023-05-09 01:12:04,0.6337,0.63388
1958,2023-05-09 01:12:06,0.63371,0.63389
1959,2023-05-09 01:12:11,0.6337,0.63388
1960,2023-05-09 01:12:12,0.63372,0.6339
1961,2023-05-09 01:12:15,0.63373,0.63391
1962,2023-05-09 01:12:21,0.63375,0.63393
1963,2023-05-09 01:12:27,0.6337649999999999,0.633945
1965,2023-05-09 01:12:29,0.63378,0.63396
1966,2023-05-09 01:12:30,0.63377,0.63395
1967,2023-05-09 01:12:31,0.63378,0.63396
1968,2023-05-09 01:12:32,0.63377,0.63395
1969,2023-05-09 01:12:44,0.63378,0.63396
1970,2023-05-09 01:13:00,0.63378,0.63396
1971,2023-05-09 01:13:14,0.6338349999999999,0.634015
1973,2023-05-09 01:13:15,0.63383,0.63401
1974,2023-05-09 01:13:22,0.6338,0.63398
1975,2023-05-09 01:13:27,0.63381,0.63399
1976,2023-05-09 01:13:29,0.6338,0.63398
1977,2023-05-09 01:13:31,0.633815,0.6339950000000001
1979,2023-05-09 01:13:33,0.63381,0.63399
1980,2023-05-09 01:13:35,0.63382,0.634
1981,2023-05-09 01:13:39,0.63381,0.63399
1982,2023-05-09 01:13:41,0.63382,0.634
1985,2023-05-09 01:13:43,0.63378,0.63396
1986,2023-05-09 01:13:44,0.63379,0.63397
1987,2023-05-09 01:13:45,0.633795,0.633975
1989,2023-05-09 01:13:46,0.633805,0.633985
1991,2023-05-09 01:13:48,0.6338,0.63398
1992,2023-05-09 01:13:50,0.63379,0.63397
1993,2023-05-09 01:13:52,0.6338,0.63398
1994,2023-05-09 01:13:53,0.63381,0.63399
1995,2023-05-09 01:13:56,0.63382,0.634
1998,2023-05-09 01:13:57,0.63382,0.634
1999,2023-05-09 01:14:00,0.6338250000000001,0.6340049999999999
2001,2023-05-09 01:14:01,0.6338250000000001,0.6340049999999999
2003,2023-05-09 01:14:02,0.63383,0.63401
2004,2023-05-09 01:14:04,0.6338250000000001,0.6340049999999999
2006,2023-05-09 01:14:05,0.63383,0.63401
2009,2023-05-09 01:14:10,0.633865,0.634045
2013,2023-05-09 01:14:11,0.63383,0.63401
2014,2023-05-09 01:14:13,0.6338349999999999,0.634015
2016,2023-05-09 01:14:18,0.63383,0.63401
2018,2023-05-09 01:14:20,0.6337999999999999,0.63398
2020,2023-05-09 01:14:24,0.63378,0.63396
2021,2023-05-09 01:14:25,0.63373,0.63391
2022,2023-05-09 01:14:26,0.63374,0.63392
2023,2023-05-09 01:14:29,0.63373,0.63391
2024,2023-05-09 01:14:31,0.63375,0.63393
2025,2023-05-09 01:14:34,0.633775,0.633955
2027,2023-05-09 01:14:41,0.63377,0.63395
2028,2023-05-09 01:14:42,0.63378,0.63396
2029,2023-05-09 01:14:44,0.63379,0.63397
2030,2023-05-09 01:14:56,0.63374,0.63392
2031,2023-05-09 01:15:00,0.63377,0.63395
2035,2023-05-09 01:15:01,0.63378,0.6339600000000001
2037,2023-05-09 01:15:02,0.633775,0.633955
2039,2023-05-09 01:15:03,0.63378,0.63396
2040,2023-05-09 01:15:04,0.6338,0.63398
2041,2023-05-09 01:15:05,0.633815,0.6339950000000001
2043,2023-05-09 01:15:06,0.6338349999999999,0.634015
2045,2023-05-09 01:15:07,0.63382,0.634
2046,2023-05-09 01:15:10,0.6338250000000001,0.6340049999999999
2048,2023-05-09 01:15:11,0.63381,0.63399
2049,2023-05-09 01:15:12,0.63382,0.634
2050,2023-05-09 01:15:13,0.63384,0.63402
2053,2023-05-09 01:15:15,0.63387,0.63405
2054,2023-05-09 01:15:17,0.63386,0.63404
2055,2023-05-09 01:15:21,0.633845,0.6340250000000001
2057,2023-05-09 01:15:22,0.6338550000000001,0.634035
2059,2023-05-09 01:15:23,0.6338349999999999,0.634015
2061,2023-05-09 01:15:27,0.633845,0.6340250000000001
2063,2023-05-09 01:15:28,0.63383,0.63401
2064,2023-05-09 01:15:30,0.63383,0.63401
2067,2023-05-09 01:15:31,0.63381,0.63399
2068,2023-05-09 01:15:32,0.63382,0.634
2069,2023-05-09 01:15:33,0.63381,0.63399
2070,2023-05-09 01:15:36,0.63379,0.63397
2071,2023-05-09 01:15:39,0.63381,0.63399
2072,2023-05-09 01:15:41,0.63379,0.63397
2073,2023-05-09 01:15:45,0.63381,0.63399
2074,2023-05-09 01:15:47,0.633805,0.633985
2076,2023-05-09 01:15:49,0.63382,0.634
2077,2023-05-09 01:15:51,0.63381,0.63399
2078,2023-05-09 01:15:52,0.633815,0.6339950000000001
2080,2023-05-09 01:15:53,0.633815,0.6339950000000001
2082,2023-05-09 01:15:56,0.63379,0.63397
2085,2023-05-09 01:15:57,0.63378,0.63396
2086,2023-05-09 01:15:59,0.63377,0.63395
2087,2023-05-09 01:16:00,0.633775,0.633955
2089,2023-05-09 01:16:01,0.63379,0.63397
2090,2023-05-09 01:16:03,0.6337550000000001,0.6339349999999999
2092,2023-05-09 01:16:04,0.63378,0.63396
2093,2023-05-09 01:16:05,0.63379,0.63397
2094,2023-05-09 01:16:08,0.6338,0.63398
2097,2023-05-09 01:16:11,0.6338349999999999,0.634015
2099,2023-05-09 01:16:14,0.63386,0.63404
2100,2023-05-09 01:16:15,0.63384,0.63402
2101,2023-05-09 01:16:17,0.6338,0.63398
2104,2023-05-09 01:16:19,0.63381,0.63399
2105,2023-05-09 01:16:20,0.63382,0.634
2106,2023-05-09 01:16:22,0.633795,0.633975
2108,2023-05-09 01:16:27,0.63378,0.63396
2109,2023-05-09 01:16:29,0.633795,0.633975
2111,2023-05-09 01:16:32,0.63382,0.634
2114,2023-05-09 01:16:35,0.63383,0.63401
2115,2023-05-09 01:16:40,0.63383,0.63401
2118,2023-05-09 01:16:41,0.63383,0.63401
2119,2023-05-09 01:16:42,0.63382,0.634
2120,2023-05-09 01:16:43,0.633805,0.633985
2122,2023-05-09 01:16:44,0.633775,0.633955
2124,2023-05-09 01:16:45,0.633785,0.633965
2126,2023-05-09 01:16:46,0.6337649999999999,0.633945
2128,2023-05-09 01:16:47,0.63378,0.63396
2129,2023-05-09 01:16:48,0.63377,0.63395
2130,2023-05-09 01:16:49,0.63378,0.63396
2131,2023-05-09 01:16:51,0.63379,0.63397
2132,2023-05-09 01:16:53,0.633775,0.633955
2134,2023-05-09 01:16:54,0.63378,0.63396
2135,2023-05-09 01:16:56,0.63377,0.63395
2136,2023-05-09 01:16:57,0.63375,0.63393
2138,2023-05-09 01:16:59,0.63373,0.63391
2139,2023-05-09 01:17:00,0.63373,0.63391
2140,2023-05-09 01:17:01,0.63375,0.63393
2142,2023-05-09 01:17:04,0.63377,0.63395
2143,2023-05-09 01:17:10,0.6337900000000001,0.6339699999999999
2145,2023-05-09 01:17:12,0.63379,0.63397
2148,2023-05-09 01:17:14,0.63378,0.63396
2151,2023-05-09 01:17:16,0.63377,0.63395
2152,2023-05-09 01:17:17,0.633775,0.633955
2154,2023-05-09 01:17:18,0.63378,0.63396
2157,2023-05-09 01:17:19,0.63377,0.63395
2158,2023-05-09 01:17:20,0.633775,0.633955
2160,2023-05-09 01:17:21,0.63376,0.63394
2161,2023-05-09 01:17:22,0.633775,0.633955
2163,2023-05-09 01:17:27,0.633775,0.633955
2165,2023-05-09 01:17:28,0.6337550000000001,0.6339349999999999
2167,2023-05-09 01:17:30,0.63375,0.63393
2168,2023-05-09 01:17:31,0.6337550000000001,0.6339349999999999
2170,2023-05-09 01:17:32,0.63376,0.63394
2171,2023-05-09 01:17:33,0.6337649999999999,0.633945
2173,2023-05-09 01:17:35,0.63374,0.63392
2174,2023-05-09 01:17:36,0.63373,0.63391
2175,2023-05-09 01:17:37,0.63374,0.63392
2176,2023-05-09 01:17:38,0.63375,0.63393
2177,2023-05-09 01:17:39,0.63374,0.63392
2178,2023-05-09 01:17:40,0.633685,0.633865
2180,2023-05-09 01:17:41,0.63369,0.63387
2181,2023-05-09 01:17:42,0.633685,0.633865
2183,2023-05-09 01:17:44,0.6337,0.63388
2184,2023-05-09 01:17:46,0.63369,0.63387
2185,2023-05-09 01:17:47,0.6337,0.63388
2186,2023-05-09 01:17:48,0.633705,0.633885
2188,2023-05-09 01:17:50,0.63369,0.63387
2189,2023-05-09 01:17:51,0.63368,0.63386
2190,2023-05-09 01:17:52,0.63369,0.63387
2191,2023-05-09 01:17:53,0.63371,0.63389
2192,2023-05-09 01:17:57,0.63373,0.63391
2193,2023-05-09 01:17:58,0.63375,0.63393
2194,2023-05-09 01:18:00,0.63374,0.63392
2195,2023-05-09 01:18:01,0.633745,0.6339250000000001
2197,2023-05-09 01:18:03,0.63375,0.63393
2198,2023-05-09 01:18:04,0.633745,0.6339250000000001
2200,2023-05-09 01:18:05,0.63374,0.63392
2201,2023-05-09 01:18:06,0.633725,0.6339049999999999
2203,2023-05-09 01:18:07,0.63373,0.63391
2204,2023-05-09 01:18:09,0.6336900000000001,0.6338699999999999
2206,2023-05-09 01:18:14,0.63369,0.63387
2207,2023-05-09 01:18:17,0.6337,0.63388
2208,2023-05-09 01:18:18,0.63373,0.63391
2209,2023-05-09 01:18:19,0.63375,0.63393
2210,2023-05-09 01:18:22,0.63376,0.63394
2211,2023-05-09 01:18:24,0.63375,0.63393
2212,2023-05-09 01:18:26,0.63374,0.63392
2213,2023-05-09 01:18:27,0.63375,0.63393
2214,2023-05-09 01:18:38,0.63374,0.63392
2215,2023-05-09 01:18:39,0.633675,0.6338550000000001
2217,2023-05-09 01:18:42,0.633675,0.6338550000000001
2219,2023-05-09 01:18:45,0.63368,0.63386
2220,2023-05-09 01:18:55,0.63367,0.63385
2221,2023-05-09 01:18:58,0.63369,0.63387
2222,2023-05-09 01:18:59,0.63368,0.63386
2223,2023-05-09 01:19:00,0.633685,0.633865
2225,2023-05-09 01:19:04,0.633685,0.633865
2227,2023-05-09 01:19:06,0.63371,0.63389
2228,2023-05-09 01:19:08,0.6337,0.63388
2231,2023-05-09 01:19:14,0.63369,0.63387
2232,2023-05-09 01:19:15,0.6337,0.63388
2233,2023-05-09 01:19:16,0.63369,0.63387
2234,2023-05-09 01:19:17,0.63372,0.6339
2235,2023-05-09 01:19:18,0.6337,0.63388
2236,2023-05-09 01:19:20,0.63371,0.63389
2237,2023-05-09 01:19:21,0.633715,0.633895
2239,2023-05-09 01:19:24,0.63372,0.6339
2240,2023-05-09 01:19:25,0.63371,0.63389
2241,2023-05-09 01:19:30,0.63372,0.6339
2242,2023-05-09 01:19:31,0.633715,0.633895
2244,2023-05-09 01:19:32,0.63371,0.63389
2245,2023-05-09 01:19:35,0.633715,0.633895
2247,2023-05-09 01:19:36,0.633695,0.633875
2249,2023-05-09 01:19:37,0.63368,0.63386
2250,2023-05-09 01:19:41,0.63367,0.63385
2251,2023-05-09 01:19:43,0.633675,0.6338550000000001
2253,2023-05-09 01:19:44,0.63368,0.63386
2254,2023-05-09 01:19:47,0.63367,0.63385
2255,2023-05-09 01:19:48,0.63363,0.63381
2256,2023-05-09 01:19:49,0.633625,0.633805
2258,2023-05-09 01:19:53,0.633635,0.633815
2260,2023-05-09 01:20:00,0.63363,0.63381
2261,2023-05-09 01:20:04,0.63362,0.6338
2262,2023-05-09 01:20:05,0.63363,0.63381
2263,2023-05-09 01:20:06,0.63364,0.63382
2264,2023-05-09 01:20:07,0.63363,0.63381
2265,2023-05-09 01:20:12,0.63364,0.63382
2266,2023-05-09 01:20:15,0.63362,0.6338
2267,2023-05-09 01:20:16,0.63363,0.63381
2268,2023-05-09 01:20:17,0.6336299999999999,0.63381
2270,2023-05-09 01:20:18,0.63363,0.63381
2271,2023-05-09 01:20:29,0.63362,0.6338
2272,2023-05-09 01:20:34,0.63358,0.63376
2275,2023-05-09 01:20:36,0.63357,0.63375
2276,2023-05-09 01:20:41,0.63356,0.63374
2277,2023-05-09 01:20:42,0.63351,0.63369
2278,2023-05-09 01:20:48,0.63353,0.63371
2279,2023-05-09 01:20:56,0.63354,0.63372
2280,2023-05-09 01:20:59,0.63355,0.63373
2281,2023-05-09 01:21:00,0.6335599999999999,0.63374
2283,2023-05-09 01:21:08,0.63356,0.63374
2284,2023-05-09 01:21:10,0.633515,0.633695
2286,2023-05-09 01:21:12,0.63354,0.63372
2287,2023-05-09 01:21:14,0.633535,0.633715
2289,2023-05-09 01:21:15,0.63352,0.6337
2290,2023-05-09 01:21:17,0.633515,0.633695
2292,2023-05-09 01:21:18,0.6335,0.63368
2294,2023-05-09 01:21:19,0.63352,0.6337
2295,2023-05-09 01:21:20,0.63351,0.63369
2296,2023-05-09 01:21:24,0.63353,0.63371
2297,2023-05-09 01:21:26,0.63352,0.6337
2298,2023-05-09 01:21:38,0.63353,0.63371
2299,2023-05-09 01:21:39,0.633515,0.633695
2301,2023-05-09 01:21:40,0.63352,0.6337
2302,2023-05-09 01:21:43,0.63351,0.63369
2303,2023-05-09 01:21:45,0.6334850000000001,0.6336649999999999
2305,2023-05-09 01:21:46,0.63349,0.63367
2306,2023-05-09 01:21:48,0.63348,0.63366
2307,2023-05-09 01:21:49,0.63349,0.63367
2308,2023-05-09 01:21:58,0.6335,0.63368
2309,2023-05-09 01:21:59,0.63349,0.63367
2310,2023-05-09 01:22:00,0.6334850000000001,0.6336649999999999
2312,2023-05-09 01:22:04,0.6335,0.63368
2313,2023-05-09 01:22:05,0.6334949999999999,0.633675
2315,2023-05-09 01:22:06,0.63349,0.63367
2316,2023-05-09 01:22:10,0.6335,0.63368
2317,2023-05-09 01:22:11,0.63353,0.63371
2318,2023-05-09 01:22:12,0.63354,0.63372
2319,2023-05-09 01:22:13,0.63353,0.63371
2320,2023-05-09 01:22:16,0.633505,0.633685
2322,2023-05-09 01:22:24,0.63351,0.63369
2323,2023-05-09 01:22:27,0.63352,0.6337
2324,2023-05-09 01:22:28,0.63351,0.63369
2325,2023-05-09 01:22:29,0.63352,0.6337
2326,2023-05-09 01:22:31,0.633505,0.633685
2328,2023-05-09 01:22:34,0.63352,0.6337
2329,2023-05-09 01:22:35,0.6335,0.63368
2330,2023-05-09 01:22:38,0.63349,0.63367
2331,2023-05-09 01:22:39,0.63348,0.63366
2332,2023-05-09 01:22:47,0.6334850000000001,0.6336649999999999
2334,2023-05-09 01:22:55,0.63347,0.63365
2335,2023-05-09 01:22:56,0.63346,0.63364
2336,2023-05-09 01:22:57,0.63345,0.63363
2339,2023-05-09 01:23:00,0.63344,0.63362
2340,2023-05-09 01:23:02,0.63343,0.63361
2341,2023-05-09 01:23:06,0.63342,0.6336
2342,2023-05-09 01:23:16,0.63346,0.63364
2345,2023-05-09 01:23:17,0.63347,0.63365
2346,2023-05-09 01:23:19,0.633505,0.633685
2348,2023-05-09 01:23:20,0.6334949999999999,0.633675
2352,2023-05-09 01:23:21,0.63348,0.63366
2353,2023-05-09 01:23:25,0.63349,0.63367
2354,2023-05-09 01:23:27,0.6335,0.63368
2355,2023-05-09 01:23:37,0.63351,0.63369
2356,2023-05-09 01:23:48,0.6335,0.63368
2357,2023-05-09 01:23:49,0.63349,0.63367
2358,2023-05-09 01:23:50,0.6334500000000001,0.6336299999999999
2360,2023-05-09 01:23:52,0.63345,0.63363
2361,2023-05-09 01:23:56,0.63347,0.63365
2364,2023-05-09 01:23:57,0.63345,0.63363
2365,2023-05-09 01:23:58,0.63344,0.63362
2366,2023-05-09 01:24:00,0.63344,0.63362
2367,2023-05-09 01:24:01,0.63343,0.63361
2368,2023-05-09 01:24:05,0.63344,0.63362
2369,2023-05-09 01:24:06,0.63346,0.63364
2370,2023-05-09 01:24:07,0.63347,0.63365
2371,2023-05-09 01:24:08,0.63346,0.63364
2374,2023-05-09 01:24:12,0.63345,0.63363
2375,2023-05-09 01:24:20,0.63346,0.63364
2376,2023-05-09 01:24:23,0.63347,0.63365
2377,2023-05-09 01:24:24,0.63346,0.63364
2378,2023-05-09 01:24:25,0.63347,0.63365
2379,2023-05-09 01:24:26,0.63346,0.63364
2380,2023-05-09 01:24:27,0.63345,0.63363
2381,2023-05-09 01:24:34,0.633475,0.6336550000000001
2383,2023-05-09 01:24:35,0.63347,0.63365
2384,2023-05-09 01:24:36,0.63345,0.63363
2385,2023-05-09 01:24:37,0.63344,0.63362
2386,2023-05-09 01:24:38,0.63343,0.63361
2387,2023-05-09 01:24:41,0.63344,0.63362
2388,2023-05-09 01:24:45,0.63343,0.63361
2389,2023-05-09 01:24:48,0.63342,0.6336
2390,2023-05-09 01:24:59,0.633425,0.633605
2394,2023-05-09 01:25:00,0.63343,0.63361
2395,2023-05-09 01:25:01,0.63345,0.63363
2396,2023-05-09 01:25:02,0.63346,0.63364
2397,2023-05-09 01:25:03,0.63348,0.63366
2399,2023-05-09 01:25:06,0.6335,0.63368
2400,2023-05-09 01:25:08,0.63351,0.63369
2401,2023-05-09 01:25:09,0.63352,0.6337
2402,2023-05-09 01:25:11,0.63351,0.63369
2403,2023-05-09 01:25:12,0.63352,0.6337
2404,2023-05-09 01:25:13,0.633575,0.6337550000000001
2406,2023-05-09 01:25:15,0.63364,0.63382
2407,2023-05-09 01:25:16,0.63368,0.63386
2410,2023-05-09 01:25:18,0.63369,0.63387
2411,2023-05-09 01:25:19,0.633675,0.6338550000000001
2413,2023-05-09 01:25:21,0.633685,0.633865
2415,2023-05-09 01:25:23,0.63369,0.63387
2416,2023-05-09 01:25:24,0.63368,0.63386
2417,2023-05-09 01:25:28,0.63369,0.63387
2418,2023-05-09 01:25:30,0.63373,0.63391
2419,2023-05-09 01:25:31,0.63374,0.63392
2420,2023-05-09 01:25:32,0.63376,0.63394
2423,2023-05-09 01:25:33,0.63374,0.63392
2424,2023-05-09 01:25:34,0.63373,0.63391
2425,2023-05-09 01:25:35,0.63374,0.63392
2426,2023-05-09 01:25:36,0.633635,0.633815
2428,2023-05-09 01:25:37,0.633605,0.633785
2430,2023-05-09 01:25:40,0.6335850000000001,0.6337649999999999
2432,2023-05-09 01:25:43,0.63359,0.63377
2433,2023-05-09 01:25:45,0.6336,0.63378
2434,2023-05-09 01:25:52,0.63362,0.6338
2435,2023-05-09 01:25:54,0.63361,0.63379
2436,2023-05-09 01:25:58,0.633595,0.633775
2438,2023-05-09 01:26:00,0.63359,0.63377
2439,2023-05-09 01:26:01,0.63361,0.63379
2440,2023-05-09 01:26:13,0.63362,0.6338
2441,2023-05-09 01:26:14,0.63363,0.63381
2442,2023-05-09 01:26:16,0.63361,0.63379
2443,2023-05-09 01:26:17,0.6336,0.63378
2444,2023-05-09 01:26:18,0.63358,0.63376
2445,2023-05-09 01:26:21,0.63355,0.63373
2446,2023-05-09 01:26:27,0.63356,0.63374
2447,2023-05-09 01:26:32,0.63355,0.63373
2448,2023-05-09 01:26:42,0.63354,0.63372
2449,2023-05-09 01:26:44,0.6334949999999999,0.633675
2451,2023-05-09 01:26:46,0.63351,0.63369
2452,2023-05-09 01:26:47,0.633525,0.633705
2454,2023-05-09 01:26:49,0.633525,0.633705
2456,2023-05-09 01:26:51,0.63351,0.63369
2457,2023-05-09 01:26:52,0.63352,0.6337
2458,2023-05-09 01:26:53,0.63353,0.63371
2459,2023-05-09 01:26:55,0.63354,0.63372
2460,2023-05-09 01:27:00,0.633545,0.633725
2462,2023-05-09 01:27:01,0.63357,0.63375
2464,2023-05-09 01:27:02,0.63362,0.6338
2465,2023-05-09 01:27:03,0.63359,0.63377
2466,2023-05-09 01:27:05,0.63358,0.63376
2467,2023-05-09 01:27:06,0.6336,0.63378
2468,2023-05-09 01:27:07,0.63362,0.6338
2471,2023-05-09 01:27:09,0.633625,0.633805
2473,2023-05-09 01:27:12,0.63362,0.6338
2474,2023-05-09 01:27:16,0.63363,0.63381
2475,2023-05-09 01:27:17,0.63362,0.6338
2476,2023-05-09 01:27:20,0.63363,0.63381
2477,2023-05-09 01:27:22,0.63362,0.6338
2478,2023-05-09 01:27:25,0.63363,0.63381
2479,2023-05-09 01:27:26,0.63362,0.6338
2480,2023-05-09 01:27:28,0.63363,0.63381
2481,2023-05-09 01:27:33,0.633605,0.633785
2483,2023-05-09 01:27:38,0.63361,0.63379
2484,2023-05-09 01:27:39,0.63362,0.6338
2485,2023-05-09 01:27:41,0.63363,0.63381
2486,2023-05-09 01:27:44,0.63365,0.63383
2487,2023-05-09 01:27:47,0.63364,0.63382
2488,2023-05-09 01:27:52,0.63365,0.63383
2489,2023-05-09 01:27:54,0.63364,0.63382
2490,2023-05-09 01:27:58,0.63365,0.63383
2491,2023-05-09 01:27:59,0.63364,0.63382
2492,2023-05-09 01:28:00,0.63364,0.63382
2493,2023-05-09 01:28:02,0.63365,0.63383
2494,2023-05-09 01:28:03,0.63364,0.63382
2495,2023-05-09 01:28:04,0.63365,0.63383
2496,2023-05-09 01:28:06,0.63366,0.63384
2497,2023-05-09 01:28:10,0.63365,0.63383
2498,2023-05-09 01:28:11,0.63366,0.63384
2499,2023-05-09 01:28:12,0.63365,0.63383
2500,2023-05-09 01:28:13,0.63368,0.63386
2501,2023-05-09 01:28:15,0.63369,0.63387
2502,2023-05-09 01:28:19,0.633705,0.633885
2504,2023-05-09 01:28:26,0.63368,0.63386
2505,2023-05-09 01:28:30,0.63363,0.63381
2506,2023-05-09 01:28:34,0.633625,0.633805
2508,2023-05-09 01:28:40,0.63361,0.63379
2509,2023-05-09 01:28:42,0.63362,0.6338
2510,2023-05-09 01:28:47,0.63361,0.63379
2511,2023-05-09 01:28:51,0.63362,0.6338
2512,2023-05-09 01:28:55,0.63359,0.63377
2516,2023-05-09 01:29:00,0.63359,0.63377
2517,2023-05-09 01:29:08,0.6336,0.63378
2518,2023-05-09 01:29:09,0.63359,0.63377
2519,2023-05-09 01:29:23,0.63361,0.63379
2520,2023-05-09 01:29:25,0.63362,0.6338
2521,2023-05-09 01:29:30,0.63363,0.63381
2523,2023-05-09 01:29:34,0.63354,0.63372
2524,2023-05-09 01:29:36,0.63355,0.63373
2525,2023-05-09 01:29:47,0.63353,0.63371
2526,2023-05-09 01:29:50,0.63352,0.6337
2527,2023-05-09 01:29:54,0.63349,0.63367
2528,2023-05-09 01:29:55,0.63349,0.63367
2530,2023-05-09 01:29:57,0.63347,0.63365
2531,2023-05-09 01:29:58,0.63349,0.63367
2533,2023-05-09 01:30:00,0.6335,0.63368
2534,2023-05-09 01:30:02,0.63351,0.63369
2535,2023-05-09 01:30:04,0.63354,0.6337200000000001
2537,2023-05-09 01:30:08,0.63358,0.63376
2539,2023-05-09 01:30:09,0.63358,0.63376
2540,2023-05-09 01:30:14,0.633595,0.633775
2542,2023-05-09 01:30:15,0.63361,0.63379
2543,2023-05-09 01:30:16,0.63356,0.63374
2544,2023-05-09 01:30:17,0.63357,0.63375
2545,2023-05-09 01:30:19,0.633615,0.633795
2547,2023-05-09 01:30:21,0.63361,0.63379
2548,2023-05-09 01:30:22,0.6336,0.63378
2549,2023-05-09 01:30:23,0.63361,0.63379
2550,2023-05-09 01:30:29,0.63362,0.6338
2551,2023-05-09 01:30:30,0.633625,0.633805
2553,2023-05-09 01:30:36,0.633625,0.633805
2555,2023-05-09 01:30:37,0.633625,0.633805
2557,2023-05-09 01:30:42,0.633625,0.633805
2559,2023-05-09 01:30:46,0.63363,0.63381
2560,2023-05-09 01:30:47,0.63364,0.63382
2561,2023-05-09 01:30:48,0.63363,0.63381
2562,2023-05-09 01:30:49,0.63362,0.6338
2563,2023-05-09 01:30:51,0.63361,0.63379
2564,2023-05-09 01:30:54,0.63362,0.6338
2565,2023-05-09 01:30:58,0.633625,0.633805
2567,2023-05-09 01:31:00,0.6335999999999999,0.63378
2569,2023-05-09 01:31:01,0.63359,0.63377
2570,2023-05-09 01:31:02,0.63358,0.63376
2571,2023-05-09 01:31:05,0.63359,0.63377
2572,2023-05-09 01:31:06,0.6336,0.63378
2573,2023-05-09 01:31:09,0.63361,0.63379
2574,2023-05-09 01:31:12,0.63362,0.6338
2575,2023-05-09 01:31:18,0.63361,0.63379
2576,2023-05-09 01:31:29,0.63362,0.6338
2577,2023-05-09 01:31:32,0.633645,0.6338250000000001
2579,2023-05-09 01:31:35,0.63366,0.63384
2580,2023-05-09 01:31:46,0.63367,0.63385
2581,2023-05-09 01:31:47,0.63368,0.63386
2582,2023-05-09 01:31:48,0.6336550000000001,0.6338349999999999
2584,2023-05-09 01:31:50,0.63364,0.63382
2585,2023-05-09 01:31:52,0.63365,0.63383
2586,2023-05-09 01:31:53,0.633645,0.6338250000000001
2588,2023-05-09 01:31:57,0.63364,0.63382
2589,2023-05-09 01:31:58,0.633625,0.633805
2591,2023-05-09 01:31:59,0.63362,0.6338
2594,2023-05-09 01:32:00,0.633625,0.633805
2596,2023-05-09 01:32:01,0.633625,0.633805
2598,2023-05-09 01:32:02,0.63363,0.63381
2599,2023-05-09 01:32:05,0.63362,0.6338
2600,2023-05-09 01:32:07,0.63363,0.63381
2601,2023-05-09 01:32:08,0.63362,0.6338
2602,2023-05-09 01:32:10,0.63363,0.63381
2603,2023-05-09 01:32:11,0.633625,0.633805
2605,2023-05-09 01:32:12,0.633625,0.633805
2607,2023-05-09 01:32:13,0.633625,0.633805
2609,2023-05-09 01:32:14,0.63362,0.6338
2612,2023-05-09 01:32:15,0.63359,0.63377
2613,2023-05-09 01:32:24,0.6336,0.63378
2614,2023-05-09 01:32:26,0.63359,0.63377
2615,2023-05-09 01:32:32,0.63358,0.63376
2616,2023-05-09 01:32:36,0.633575,0.6337550000000001
2618,2023-05-09 01:32:42,0.63357,0.63375
2621,2023-05-09 01:32:43,0.63357,0.63375
2622,2023-05-09 01:32:50,0.63355,0.63373
2623,2023-05-09 01:32:52,0.63354,0.63372
2624,2023-05-09 01:32:53,0.63353,0.63371
2625,2023-05-09 01:32:54,0.633535,0.633715
2627,2023-05-09 01:32:55,0.633535,0.633715
2629,2023-05-09 01:32:56,0.633535,0.633715
2631,2023-05-09 01:32:57,0.63352,0.6337
2632,2023-05-09 01:32:58,0.63353,0.63371
2633,2023-05-09 01:32:59,0.633535,0.633715
2635,2023-05-09 01:33:00,0.633535,0.633715
2637,2023-05-09 01:33:01,0.633535,0.633715
2639,2023-05-09 01:33:02,0.633535,0.633715
2641,2023-05-09 01:33:03,0.633525,0.633705
2643,2023-05-09 01:33:04,0.63353,0.63371
2644,2023-05-09 01:33:05,0.63353,0.63371
2647,2023-05-09 01:33:06,0.63353,0.63371
2650,2023-05-09 01:33:07,0.633535,0.633715
2652,2023-05-09 01:33:11,0.63352,0.6337
2653,2023-05-09 01:33:12,0.63349,0.63367
2656,2023-05-09 01:33:13,0.6334850000000001,0.6336649999999999
2658,2023-05-09 01:33:14,0.63348,0.63366
2661,2023-05-09 01:33:15,0.6334850000000001,0.6336649999999999
2663,2023-05-09 01:33:18,0.63349,0.63367
2664,2023-05-09 01:33:20,0.63351,0.63369
2665,2023-05-09 01:33:21,0.6335,0.63368
2666,2023-05-09 01:33:23,0.63349,0.63367
2667,2023-05-09 01:33:25,0.63348,0.63366
2670,2023-05-09 01:33:26,0.63349,0.63367
2671,2023-05-09 01:33:29,0.63348,0.63366
2672,2023-05-09 01:33:31,0.63349,0.63367
2673,2023-05-09 01:33:32,0.63348,0.63366
2676,2023-05-09 01:33:33,0.6334850000000001,0.6336649999999999
2678,2023-05-09 01:33:34,0.6334850000000001,0.6336649999999999
2680,2023-05-09 01:33:35,0.63349,0.63367
2681,2023-05-09 01:33:36,0.6334850000000001,0.6336649999999999
2685,2023-05-09 01:33:37,0.6334850000000001,0.6336649999999999
2687,2023-05-09 01:33:38,0.6334850000000001,0.6336649999999999
2689,2023-05-09 01:33:39,0.63348,0.63366
2692,2023-05-09 01:33:40,0.6334850000000001,0.6336649999999999
2694,2023-05-09 01:33:41,0.6334850000000001,0.6336649999999999
2696,2023-05-09 01:33:42,0.6334850000000001,0.6336649999999999
2698,2023-05-09 01:33:43,0.63348,0.63366
2701,2023-05-09 01:33:45,0.63348,0.63366
2702,2023-05-09 01:33:46,0.63346,0.63364
2703,2023-05-09 01:33:47,0.63347,0.63365
2704,2023-05-09 01:33:48,0.63346,0.63364
2705,2023-05-09 01:33:49,0.63345,0.63363
2706,2023-05-09 01:33:52,0.63346,0.63364
2707,2023-05-09 01:33:55,0.63345,0.63363
2708,2023-05-09 01:34:00,0.633455,0.633635
2710,2023-05-09 01:34:01,0.63345,0.63363
2711,2023-05-09 01:34:04,0.633425,0.633605
2713,2023-05-09 01:34:05,0.633425,0.633605
2715,2023-05-09 01:34:06,0.633425,0.633605
2717,2023-05-09 01:34:07,0.633425,0.633605
2719,2023-05-09 01:34:11,0.63343,0.63361
2720,2023-05-09 01:34:15,0.6334150000000001,0.633595
2724,2023-05-09 01:34:16,0.6334850000000001,0.6336649999999999
2726,2023-05-09 01:34:18,0.6334850000000001,0.6336649999999999
2728,2023-05-09 01:34:19,0.6334850000000001,0.6336649999999999
2730,2023-05-09 01:34:20,0.63347,0.63365
2731,2023-05-09 01:34:27,0.63346,0.63364
2732,2023-05-09 01:34:28,0.6334299999999999,0.63361
2734,2023-05-09 01:34:32,0.63343,0.63361
2735,2023-05-09 01:34:37,0.63341,0.63359
2736,2023-05-09 01:34:38,0.63338,0.6335599999999999
2738,2023-05-09 01:34:40,0.63336,0.63354
2739,2023-05-09 01:34:41,0.63334,0.63352
2740,2023-05-09 01:34:43,0.63335,0.63353
2741,2023-05-09 01:34:46,0.63334,0.63352
2742,2023-05-09 01:34:47,0.63335,0.63353
2743,2023-05-09 01:34:48,0.63334,0.63352
2744,2023-05-09 01:34:52,0.63333,0.63351
2745,2023-05-09 01:34:53,0.63336,0.63354
2746,2023-05-09 01:34:58,0.63337,0.63355
2747,2023-05-09 01:34:59,0.63336,0.63354
2748,2023-05-09 01:35:00,0.63336,0.63354
2749,2023-05-09 01:35:01,0.63335,0.63353
2750,2023-05-09 01:35:03,0.6333249999999999,0.633505
2752,2023-05-09 01:35:11,0.63335,0.63353
2755,2023-05-09 01:35:13,0.63337,0.63355
2756,2023-05-09 01:35:14,0.63338,0.63356
2757,2023-05-09 01:35:16,0.633365,0.633545
2759,2023-05-09 01:35:20,0.633375,0.633555
2761,2023-05-09 01:35:21,0.633375,0.633555
2763,2023-05-09 01:35:22,0.63337,0.63355
2764,2023-05-09 01:35:23,0.63338,0.63356
2765,2023-05-09 01:35:25,0.63341,0.63359
2766,2023-05-09 01:35:30,0.63342,0.6336
2767,2023-05-09 01:35:33,0.63341,0.63359
2768,2023-05-09 01:35:34,0.633425,0.633605
2770,2023-05-09 01:35:35,0.63345,0.63363
2771,2023-05-09 01:35:36,0.63346,0.63364
2772,2023-05-09 01:35:37,0.633465,0.633645
2774,2023-05-09 01:35:38,0.633465,0.633645
2776,2023-05-09 01:35:40,0.63347,0.63365
2777,2023-05-09 01:35:42,0.633465,0.633645
2779,2023-05-09 01:35:45,0.63346,0.63364
2780,2023-05-09 01:35:46,0.63344,0.6336200000000001
2782,2023-05-09 01:35:52,0.633425,0.633605
2784,2023-05-09 01:35:53,0.63344,0.63362
2785,2023-05-09 01:35:55,0.63343,0.63361
2786,2023-05-09 01:36:00,0.63343,0.63361
2787,2023-05-09 01:36:02,0.63344,0.63362
2788,2023-05-09 01:36:03,0.63345,0.63363
2789,2023-05-09 01:36:11,0.63347,0.63365
2790,2023-05-09 01:36:22,0.63346,0.63364
2791,2023-05-09 01:36:26,0.6334299999999999,0.63361
2793,2023-05-09 01:36:36,0.63343,0.63361
2794,2023-05-09 01:36:42,0.633365,0.633545
2796,2023-05-09 01:36:43,0.6333249999999999,0.633505
2798,2023-05-09 01:36:44,0.63332,0.6335
2799,2023-05-09 01:36:50,0.633305,0.6334850000000001
2801,2023-05-09 01:36:51,0.63331,0.63349
2804,2023-05-09 01:36:55,0.6333150000000001,0.6334949999999999
2806,2023-05-09 01:36:56,0.6333150000000001,0.6334949999999999
2808,2023-05-09 01:36:57,0.6333150000000001,0.6334949999999999
2810,2023-05-09 01:37:00,0.63331,0.63349
2811,2023-05-09 01:37:02,0.633275,0.633455
2813,2023-05-09 01:37:06,0.63328,0.63346
2814,2023-05-09 01:37:07,0.63327,0.63345
2817,2023-05-09 01:37:08,0.633275,0.633455
2819,2023-05-09 01:37:09,0.633275,0.633455
2821,2023-05-09 01:37:10,0.633275,0.633455
2823,2023-05-09 01:37:12,0.633275,0.633455
2825,2023-05-09 01:37:13,0.63326,0.63344
2828,2023-05-09 01:37:25,0.63325,0.63343
2829,2023-05-09 01:37:26,0.63324,0.63342
2830,2023-05-09 01:37:36,0.63325,0.63343
2831,2023-05-09 01:37:41,0.63324,0.63342
2832,2023-05-09 01:37:46,0.633275,0.633455
2834,2023-05-09 01:37:48,0.633275,0.633455
2836,2023-05-09 01:37:49,0.633275,0.633455
2838,2023-05-09 01:37:50,0.63328,0.63346
2839,2023-05-09 01:37:59,0.63329,0.63347
2840,2023-05-09 01:38:00,0.633275,0.633455
2842,2023-05-09 01:38:01,0.633275,0.633455
2844,2023-05-09 01:38:04,0.633275,0.633455
2846,2023-05-09 01:38:05,0.63325,0.63343
2847,2023-05-09 01:38:08,0.633265,0.633445
2849,2023-05-09 01:38:13,0.63328,0.63346
2850,2023-05-09 01:38:24,0.63329,0.63347
2851,2023-05-09 01:38:26,0.63328,0.63346
2852,2023-05-09 01:38:38,0.63327,0.63345
2853,2023-05-09 01:38:39,0.633275,0.633455
2855,2023-05-09 01:38:40,0.633275,0.633455
2857,2023-05-09 01:38:41,0.63328,0.63346
2860,2023-05-09 01:38:42,0.63327,0.63345
2861,2023-05-09 01:38:43,0.633275,0.633455
2863,2023-05-09 01:38:49,0.63326,0.63344
2864,2023-05-09 01:38:55,0.63327,0.63345
2865,2023-05-09 01:38:58,0.63328,0.63346
2866,2023-05-09 01:38:59,0.63327,0.63345
2867,2023-05-09 01:39:00,0.633275,0.633455
2869,2023-05-09 01:39:03,0.63327,0.63345
2870,2023-05-09 01:39:04,0.63328,0.63346
2871,2023-05-09 01:39:05,0.633275,0.633455
2873,2023-05-09 01:39:10,0.63327,0.63345
2874,2023-05-09 01:39:12,0.63326,0.63344
2875,2023-05-09 01:39:13,0.63327,0.63345
2876,2023-05-09 01:39:21,0.63328,0.63346
2877,2023-05-09 01:39:22,0.63327,0.63345
2878,2023-05-09 01:39:28,0.63326,0.63344
2879,2023-05-09 01:39:29,0.63325,0.63343
2880,2023-05-09 01:39:31,0.633255,0.633435
2882,2023-05-09 01:39:42,0.63324,0.63342
2883,2023-05-09 01:39:47,0.63325,0.63343
2884,2023-05-09 01:39:59,0.6332450000000001,0.633425
2886,2023-05-09 01:40:00,0.63325,0.63343
2887,2023-05-09 01:40:01,0.63321,0.63339
2890,2023-05-09 01:40:02,0.633195,0.633375
2892,2023-05-09 01:40:03,0.63321,0.63339
2893,2023-05-09 01:40:04,0.6332,0.63338
2894,2023-05-09 01:40:06,0.63323,0.63341
2895,2023-05-09 01:40:07,0.63322,0.6334
2896,2023-05-09 01:40:09,0.63323,0.63341
2897,2023-05-09 01:40:13,0.63324,0.63342
2898,2023-05-09 01:40:14,0.633235,0.6334150000000001
2900,2023-05-09 01:40:15,0.63323,0.63341
2901,2023-05-09 01:40:16,0.63324,0.63342
2902,2023-05-09 01:40:17,0.63325,0.63343
2903,2023-05-09 01:40:18,0.63324,0.63342
2904,2023-05-09 01:40:19,0.63323,0.63341
2905,2023-05-09 01:40:22,0.6332150000000001,0.6333949999999999
2907,2023-05-09 01:40:23,0.6332,0.63338
2909,2023-05-09 01:40:24,0.6332,0.63338
2910,2023-05-09 01:40:26,0.63321,0.63339
2911,2023-05-09 01:40:27,0.633205,0.6333850000000001
2913,2023-05-09 01:40:28,0.633205,0.6333850000000001
2915,2023-05-09 01:40:32,0.63322,0.6334
2916,2023-05-09 01:40:33,0.6332249999999999,0.633405
2918,2023-05-09 01:40:35,0.63323,0.63341
2919,2023-05-09 01:40:36,0.63322,0.6334
2920,2023-05-09 01:40:38,0.63321,0.63339
2921,2023-05-09 01:40:39,0.63322,0.6334
2922,2023-05-09 01:40:40,0.63323,0.63341
2923,2023-05-09 01:40:41,0.63322,0.6334
2924,2023-05-09 01:40:42,0.6332150000000001,0.6333949999999999
2926,2023-05-09 01:40:44,0.63323,0.63341
2927,2023-05-09 01:40:45,0.63322,0.6334
2930,2023-05-09 01:40:46,0.6332249999999999,0.633405
2932,2023-05-09 01:40:47,0.6332249999999999,0.633405
2934,2023-05-09 01:40:48,0.6332249999999999,0.633405
2936,2023-05-09 01:40:49,0.63323,0.63341
2937,2023-05-09 01:40:50,0.63322,0.6334
2938,2023-05-09 01:40:51,0.6332249999999999,0.633405
2940,2023-05-09 01:40:52,0.63321,0.63339
2941,2023-05-09 01:40:53,0.63323,0.63341
2942,2023-05-09 01:40:54,0.63324,0.63342
2943,2023-05-09 01:40:55,0.63323,0.63341
2946,2023-05-09 01:40:57,0.63324,0.63342
2947,2023-05-09 01:40:58,0.63322,0.6334
2950,2023-05-09 01:40:59,0.6332,0.63338
2951,2023-05-09 01:41:00,0.6332249999999999,0.633405
2953,2023-05-09 01:41:01,0.6332500000000001,0.6334299999999999
2955,2023-05-09 01:41:02,0.63329,0.63347
2956,2023-05-09 01:41:03,0.633275,0.633455
2958,2023-05-09 01:41:04,0.63328,0.63346
2959,2023-05-09 01:41:05,0.63329,0.63347
2960,2023-05-09 01:41:06,0.6333150000000001,0.6334949999999999
2962,2023-05-09 01:41:08,0.63333,0.63351
2963,2023-05-09 01:41:10,0.6332949999999999,0.633475
2965,2023-05-09 01:41:11,0.633285,0.633465
2967,2023-05-09 01:41:12,0.6332249999999999,0.633405
2971,2023-05-09 01:41:13,0.6332150000000001,0.6333949999999999
2973,2023-05-09 01:41:15,0.63322,0.6334
2974,2023-05-09 01:41:16,0.63322,0.6334
2977,2023-05-09 01:41:19,0.63324,0.63342
2978,2023-05-09 01:41:21,0.63323,0.63341
2979,2023-05-09 01:41:23,0.63324,0.63342
2980,2023-05-09 01:41:24,0.63323,0.63341
2981,2023-05-09 01:41:25,0.63325,0.63343
2982,2023-05-09 01:41:26,0.63323,0.63341
2983,2023-05-09 01:41:27,0.63321,0.63339
2986,2023-05-09 01:41:28,0.6332249999999999,0.633405
2988,2023-05-09 01:41:29,0.63323,0.63341
2989,2023-05-09 01:41:31,0.63324,0.63342
2990,2023-05-09 01:41:32,0.63325,0.63343
2991,2023-05-09 01:41:34,0.633235,0.6334150000000001
2993,2023-05-09 01:41:38,0.63324,0.63342
2994,2023-05-09 01:41:39,0.633235,0.6334150000000001
2996,2023-05-09 01:41:41,0.63323,0.63341
2997,2023-05-09 01:41:42,0.63319,0.63337
3000,2023-05-09 01:41:43,0.63317,0.63335
3001,2023-05-09 01:41:44,0.63318,0.63336
3002,2023-05-09 01:41:45,0.63319,0.63337
3003,2023-05-09 01:41:48,0.6332,0.63338
3004,2023-05-09 01:41:49,0.633195,0.633375
3006,2023-05-09 01:41:50,0.633185,0.633365
3008,2023-05-09 01:41:51,0.6331549999999999,0.633335
3010,2023-05-09 01:41:52,0.63314,0.63332
3011,2023-05-09 01:41:55,0.63315,0.63333
3012,2023-05-09 01:41:56,0.63314,0.63332
3013,2023-05-09 01:41:57,0.6331249999999999,0.633305
3015,2023-05-09 01:41:58,0.633085,0.633265
3017,2023-05-09 01:41:59,0.63306,0.63324
3018,2023-05-09 01:42:00,0.63306,0.63324
3019,2023-05-09 01:42:01,0.63305,0.63323
3020,2023-05-09 01:42:03,0.63306,0.63324
3021,2023-05-09 01:42:04,0.63307,0.63325
3022,2023-05-09 01:42:05,0.63306,0.63324
3025,2023-05-09 01:42:06,0.63307,0.63325
3026,2023-05-09 01:42:08,0.633085,0.633265
3028,2023-05-09 01:42:10,0.63308,0.63326
3029,2023-05-09 01:42:11,0.633105,0.633285
3031,2023-05-09 01:42:12,0.633115,0.6332949999999999
3033,2023-05-09 01:42:14,0.633115,0.6332949999999999
3035,2023-05-09 01:42:17,0.63313,0.63331
3038,2023-05-09 01:42:18,0.63314,0.63332
3039,2023-05-09 01:42:19,0.63315,0.63333
3040,2023-05-09 01:42:23,0.63309,0.63327
3041,2023-05-09 01:42:28,0.633105,0.633285
3043,2023-05-09 01:42:31,0.6331,0.63328
3044,2023-05-09 01:42:34,0.633115,0.6332949999999999
3046,2023-05-09 01:42:35,0.6331249999999999,0.633305
3048,2023-05-09 01:42:36,0.6331199999999999,0.6333
3050,2023-05-09 01:42:39,0.63312,0.6333
3051,2023-05-09 01:42:40,0.63309,0.63327
3052,2023-05-09 01:42:44,0.63311,0.63329
3053,2023-05-09 01:42:46,0.63309,0.63327
3054,2023-05-09 01:42:48,0.63307,0.63325
3057,2023-05-09 01:42:49,0.63305,0.63323
3058,2023-05-09 01:42:52,0.63306,0.63324
3059,2023-05-09 01:42:55,0.63305,0.63323
3060,2023-05-09 01:43:00,0.63306,0.63324
3063,2023-05-09 01:43:01,0.63305,0.63323
3064,2023-05-09 01:43:05,0.63302,0.6332
3067,2023-05-09 01:43:08,0.63302,0.6332
3068,2023-05-09 01:43:09,0.63301,0.63319
3069,2023-05-09 01:43:13,0.633,0.63318
3070,2023-05-09 01:43:14,0.63301,0.63319
3071,2023-05-09 01:43:20,0.63299,0.63317
3072,2023-05-09 01:43:23,0.6329750000000001,0.6331549999999999
3074,2023-05-09 01:43:29,0.6329899999999999,0.63317
3076,2023-05-09 01:43:45,0.63297,0.63315
3077,2023-05-09 01:43:51,0.63298,0.63316
3078,2023-05-09 01:43:54,0.63294,0.63312
3081,2023-05-09 01:43:57,0.63293,0.63311
3082,2023-05-09 01:43:58,0.632935,0.633115
3084,2023-05-09 01:44:00,0.63293,0.63311
3085,2023-05-09 01:44:07,0.63294,0.63312
3086,2023-05-09 01:44:08,0.63293,0.63311
3087,2023-05-09 01:44:09,0.63294,0.63312
3088,2023-05-09 01:44:10,0.632925,0.633105
3090,2023-05-09 01:44:16,0.63291,0.63309
3091,2023-05-09 01:44:17,0.63292,0.6331
3092,2023-05-09 01:44:18,0.63291,0.63309
3093,2023-05-09 01:44:20,0.632905,0.633085
3095,2023-05-09 01:44:29,0.63292,0.6331
3096,2023-05-09 01:44:32,0.63293,0.63311
3097,2023-05-09 01:44:33,0.632945,0.6331249999999999
3099,2023-05-09 01:44:34,0.63293,0.63311
3100,2023-05-09 01:44:35,0.63294,0.63312
3101,2023-05-09 01:44:37,0.632925,0.633105
3103,2023-05-09 01:44:39,0.63293,0.63311
3104,2023-05-09 01:44:40,0.63293,0.6331100000000001
3106,2023-05-09 01:44:46,0.632935,0.633115
3108,2023-05-09 01:44:47,0.63295,0.63313
3109,2023-05-09 01:44:49,0.63294,0.63312
3110,2023-05-09 01:44:50,0.632925,0.633105
3112,2023-05-09 01:44:51,0.63286,0.63304
3115,2023-05-09 01:44:55,0.63287,0.63305
3116,2023-05-09 01:45:00,0.63287,0.63305
3117,2023-05-09 01:45:04,0.6328750000000001,0.6330549999999999
3119,2023-05-09 01:45:07,0.63289,0.63307
3120,2023-05-09 01:45:08,0.6328849999999999,0.633065
3124,2023-05-09 01:45:12,0.632825,0.633005
3128,2023-05-09 01:45:14,0.6328050000000001,0.632985
3130,2023-05-09 01:45:18,0.63278,0.63296
3131,2023-05-09 01:45:21,0.63279,0.63297
3132,2023-05-09 01:45:22,0.632795,0.6329750000000001
3134,2023-05-09 01:45:24,0.63278,0.63296
3135,2023-05-09 01:45:28,0.6327849999999999,0.632965
3137,2023-05-09 01:45:29,0.63277,0.63295
3138,2023-05-09 01:45:32,0.632795,0.6329750000000001
3140,2023-05-09 01:45:33,0.632825,0.633005
3142,2023-05-09 01:45:34,0.63283,0.63301
3143,2023-05-09 01:45:36,0.63282,0.633
3144,2023-05-09 01:45:44,0.63281,0.63299
3145,2023-05-09 01:45:45,0.632825,0.633005
3147,2023-05-09 01:45:46,0.63283,0.63301
3148,2023-05-09 01:45:53,0.632855,0.633035
3150,2023-05-09 01:45:55,0.63285,0.63303
3151,2023-05-09 01:45:58,0.6328199999999999,0.633
3153,2023-05-09 01:46:00,0.6328,0.6329800000000001
3155,2023-05-09 01:46:02,0.63278,0.63296
3156,2023-05-09 01:46:04,0.63279,0.63297
3157,2023-05-09 01:46:06,0.63278,0.63296
3158,2023-05-09 01:46:08,0.63279,0.63297
3159,2023-05-09 01:46:11,0.63278,0.63296
3160,2023-05-09 01:46:12,0.63277,0.63295
3163,2023-05-09 01:46:14,0.63278,0.63296
3164,2023-05-09 01:46:15,0.63279,0.63297
3165,2023-05-09 01:46:18,0.63278,0.63296
3166,2023-05-09 01:46:20,0.63279,0.63297
3167,2023-05-09 01:46:26,0.63278,0.63296
3168,2023-05-09 01:46:29,0.63275,0.63293
3170,2023-05-09 01:46:37,0.63274,0.63292
3171,2023-05-09 01:46:39,0.63275,0.63293
3172,2023-05-09 01:46:43,0.63276,0.63294
3173,2023-05-09 01:46:49,0.63279,0.63297
3174,2023-05-09 01:47:00,0.63276,0.63294
3175,2023-05-09 01:47:02,0.6327750000000001,0.6329549999999999
3177,2023-05-09 01:47:06,0.63279,0.63297
3178,2023-05-09 01:47:09,0.632765,0.632945
3180,2023-05-09 01:47:10,0.632765,0.632945
3182,2023-05-09 01:47:12,0.63277,0.63295
3183,2023-05-09 01:47:15,0.63278,0.63296
3184,2023-05-09 01:47:25,0.63279,0.63297
3185,2023-05-09 01:47:27,0.63278,0.63296
3186,2023-05-09 01:47:30,0.63276,0.63294
3187,2023-05-09 01:47:31,0.63277,0.63295
3188,2023-05-09 01:47:32,0.63278,0.63296
3189,2023-05-09 01:47:34,0.63277,0.63295
3190,2023-05-09 01:47:36,0.63278,0.63296
3191,2023-05-09 01:47:37,0.63278,0.63296
3193,2023-05-09 01:47:38,0.6328,0.63298
3194,2023-05-09 01:47:44,0.63279,0.63297
3195,2023-05-09 01:47:47,0.6328,0.63298
3196,2023-05-09 01:47:48,0.63281,0.63299
3197,2023-05-09 01:47:50,0.63282,0.633
3198,2023-05-09 01:47:53,0.632795,0.6329750000000001
3200,2023-05-09 01:47:54,0.6328,0.63298
3201,2023-05-09 01:48:00,0.632795,0.6329750000000001
3203,2023-05-09 01:48:01,0.6327750000000001,0.6329549999999999
3205,2023-05-09 01:48:02,0.632765,0.632945
3207,2023-05-09 01:48:03,0.632765,0.632945
3209,2023-05-09 01:48:06,0.632765,0.632945
3211,2023-05-09 01:48:10,0.63276,0.63294
3214,2023-05-09 01:48:11,0.63277,0.63295
3217,2023-05-09 01:48:12,0.63275,0.63293
3218,2023-05-09 01:48:13,0.632765,0.632945
3220,2023-05-09 01:48:15,0.63276,0.63294
3221,2023-05-09 01:48:17,0.63277,0.63295
3222,2023-05-09 01:48:18,0.63276,0.63294
3223,2023-05-09 01:48:20,0.63275,0.63293
3226,2023-05-09 01:48:23,0.63276,0.63294
3227,2023-05-09 01:48:24,0.6327750000000001,0.6329549999999999
3229,2023-05-09 01:48:25,0.6327750000000001,0.6329549999999999
3231,2023-05-09 01:48:26,0.6327750000000001,0.6329549999999999
3233,2023-05-09 01:48:27,0.6327750000000001,0.6329549999999999
3235,2023-05-09 01:48:28,0.63277,0.63295
3236,2023-05-09 01:48:30,0.6327849999999999,0.632965
3238,2023-05-09 01:48:32,0.63276,0.63294
3239,2023-05-09 01:48:33,0.63275,0.63293
3240,2023-05-09 01:48:34,0.632765,0.632945
3242,2023-05-09 01:48:35,0.63277,0.63295
3243,2023-05-09 01:48:38,0.63276,0.63294
3244,2023-05-09 01:48:39,0.63275,0.63293
3245,2023-05-09 01:48:41,0.63276,0.63294
3246,2023-05-09 01:48:45,0.63274,0.63292
3247,2023-05-09 01:48:46,0.63273,0.63291
3248,2023-05-09 01:48:47,0.63274,0.63292
3249,2023-05-09 01:48:48,0.63276,0.63294
3250,2023-05-09 01:48:49,0.63274,0.63292
3251,2023-05-09 01:48:50,0.63273,0.63291
3252,2023-05-09 01:49:00,0.63273,0.63291
3253,2023-05-09 01:49:10,0.632735,0.632915
3255,2023-05-09 01:49:18,0.63268,0.63286
3256,2023-05-09 01:49:21,0.6326849999999999,0.632865
3258,2023-05-09 01:49:25,0.63267,0.63285
3259,2023-05-09 01:49:35,0.63268,0.63286
3262,2023-05-09 01:49:36,0.63266,0.63284
3263,2023-05-09 01:49:37,0.632665,0.632845
3265,2023-05-09 01:49:39,0.63267,0.63285
3266,2023-05-09 01:49:41,0.63268,0.63286
3269,2023-05-09 01:49:47,0.6327,0.63288
3271,2023-05-09 01:49:48,0.6327,0.63288
3273,2023-05-09 01:49:49,0.6326849999999999,0.632865
3275,2023-05-09 01:49:52,0.63268,0.63286
3276,2023-05-09 01:49:55,0.63267,0.63285
3277,2023-05-09 01:49:57,0.63269,0.63287
