,time,bid,ask
0,2023-05-09 00:00:00,0.8899,0.89006
1,2023-05-09 00:00:01,0.88991,0.8900699999999999
3,2023-05-09 00:00:04,0.88989,0.89005
4,2023-05-09 00:00:08,0.88987,0.89003
5,2023-05-09 00:00:09,0.88988,0.89004
6,2023-05-09 00:00:10,0.889895,0.890055
8,2023-05-09 00:00:11,0.88991,0.89007
9,2023-05-09 00:00:12,0.8899,0.89006
10,2023-05-09 00:00:21,0.88988,0.89004
11,2023-05-09 00:00:23,0.88987,0.89003
12,2023-05-09 00:00:24,0.88993,0.89009
13,2023-05-09 00:00:25,0.889895,0.890055
15,2023-05-09 00:00:26,0.8899,0.89006
16,2023-05-09 00:00:27,0.88991,0.89007
17,2023-05-09 00:00:30,0.8899250000000001,0.890085
19,2023-05-09 00:00:31,0.88994,0.8901
22,2023-05-09 00:00:32,0.88994,0.8901
25,2023-05-09 00:00:39,0.88994,0.8901
26,2023-05-09 00:00:42,0.88994,0.8901
29,2023-05-09 00:00:44,0.88995,0.89011
32,2023-05-09 00:00:45,0.88997,0.89013
33,2023-05-09 00:00:48,0.88998,0.89014
34,2023-05-09 00:00:50,0.88997,0.89013
37,2023-05-09 00:00:52,0.88998,0.89014
38,2023-05-09 00:00:53,0.88997,0.89013
39,2023-05-09 00:00:55,0.889965,0.890125
41,2023-05-09 00:01:00,0.88997,0.89013
44,2023-05-09 00:01:01,0.889975,0.890135
46,2023-05-09 00:01:02,0.88998,0.89014
47,2023-05-09 00:01:05,0.88997,0.89013
48,2023-05-09 00:01:10,0.88996,0.89012
49,2023-05-09 00:01:11,0.88994,0.8901
50,2023-05-09 00:01:12,0.88996,0.89012
51,2023-05-09 00:01:14,0.88994,0.8901
52,2023-05-09 00:01:18,0.88993,0.89009
53,2023-05-09 00:01:20,0.88995,0.89011
55,2023-05-09 00:01:21,0.88997,0.89013
56,2023-05-09 00:01:22,0.88996,0.89012
57,2023-05-09 00:01:43,0.88995,0.89011
58,2023-05-09 00:01:45,0.88996,0.89012
59,2023-05-09 00:01:48,0.89004,0.8902
60,2023-05-09 00:01:50,0.89003,0.89019
61,2023-05-09 00:01:52,0.89004,0.8902
62,2023-05-09 00:01:53,0.890045,0.8902049999999999
64,2023-05-09 00:01:54,0.890045,0.8902049999999999
66,2023-05-09 00:01:56,0.89005,0.89021
67,2023-05-09 00:02:00,0.890065,0.890225
69,2023-05-09 00:02:11,0.89005,0.89021
70,2023-05-09 00:02:12,0.89006,0.89022
71,2023-05-09 00:02:13,0.89005,0.89021
72,2023-05-09 00:02:15,0.89007,0.89023
73,2023-05-09 00:02:29,0.89006,0.89022
74,2023-05-09 00:02:33,0.89005,0.89021
75,2023-05-09 00:02:37,0.89007,0.89023
76,2023-05-09 00:02:44,0.89011,0.89027
79,2023-05-09 00:02:51,0.8901,0.89026
80,2023-05-09 00:02:53,0.89011,0.89027
81,2023-05-09 00:02:54,0.89018,0.89034
84,2023-05-09 00:02:55,0.890165,0.890325
86,2023-05-09 00:02:58,0.89016,0.89032
87,2023-05-09 00:02:59,0.89017,0.89033
88,2023-05-09 00:03:00,0.89017,0.89033
89,2023-05-09 00:03:01,0.89018,0.89034
90,2023-05-09 00:03:06,0.89017,0.89033
91,2023-05-09 00:03:07,0.8901749999999999,0.890335
93,2023-05-09 00:03:08,0.89016,0.89032
94,2023-05-09 00:03:12,0.89017,0.89033
95,2023-05-09 00:03:15,0.8901749999999999,0.890335
97,2023-05-09 00:03:16,0.89018,0.89034
100,2023-05-09 00:03:17,0.89017,0.89033
101,2023-05-09 00:03:21,0.89018,0.89034
102,2023-05-09 00:03:22,0.8902,0.89036
105,2023-05-09 00:03:24,0.89023,0.89039
106,2023-05-09 00:03:26,0.89022,0.89038
107,2023-05-09 00:03:30,0.89023,0.89039
108,2023-05-09 00:03:33,0.89024,0.8904
109,2023-05-09 00:03:35,0.8902300000000001,0.89039
111,2023-05-09 00:03:36,0.89025,0.89041
112,2023-05-09 00:03:38,0.89026,0.89042
113,2023-05-09 00:03:42,0.89027,0.89043
114,2023-05-09 00:03:43,0.89026,0.89042
115,2023-05-09 00:03:45,0.89027,0.89043
116,2023-05-09 00:03:49,0.89028,0.89044
117,2023-05-09 00:03:50,0.89032,0.8904799999999999
119,2023-05-09 00:03:51,0.890335,0.890495
123,2023-05-09 00:03:52,0.89033,0.89049
124,2023-05-09 00:03:53,0.89035,0.8905099999999999
126,2023-05-09 00:03:55,0.89035,0.89051
127,2023-05-09 00:03:58,0.89036,0.89052
128,2023-05-09 00:04:00,0.89036,0.89052
129,2023-05-09 00:04:02,0.89037,0.89053
130,2023-05-09 00:04:03,0.89036,0.89052
131,2023-05-09 00:04:04,0.89032,0.89048
134,2023-05-09 00:04:05,0.890325,0.890485
136,2023-05-09 00:04:06,0.89035,0.89051
137,2023-05-09 00:04:12,0.89036,0.89052
138,2023-05-09 00:04:13,0.89037,0.89053
141,2023-05-09 00:04:15,0.89039,0.89055
144,2023-05-09 00:04:20,0.890385,0.8905449999999999
146,2023-05-09 00:04:21,0.89038,0.89054
147,2023-05-09 00:04:24,0.89039,0.89055
148,2023-05-09 00:04:25,0.8904,0.89056
149,2023-05-09 00:04:26,0.89039,0.89055
150,2023-05-09 00:04:27,0.89038,0.89054
153,2023-05-09 00:04:28,0.89039,0.89055
154,2023-05-09 00:04:29,0.89038,0.89054
155,2023-05-09 00:04:31,0.89036,0.89052
156,2023-05-09 00:04:36,0.89035,0.89051
157,2023-05-09 00:04:37,0.890355,0.890515
159,2023-05-09 00:04:38,0.89036,0.89052
160,2023-05-09 00:04:41,0.89038,0.89054
161,2023-05-09 00:04:47,0.890385,0.8905449999999999
163,2023-05-09 00:04:48,0.890385,0.8905449999999999
165,2023-05-09 00:04:51,0.8903650000000001,0.890525
167,2023-05-09 00:04:53,0.890355,0.890515
169,2023-05-09 00:04:54,0.8903449999999999,0.890505
171,2023-05-09 00:04:55,0.89033,0.89049
172,2023-05-09 00:05:00,0.89033,0.89049
173,2023-05-09 00:05:04,0.890335,0.890495
175,2023-05-09 00:05:09,0.89034,0.8905
176,2023-05-09 00:05:12,0.8903449999999999,0.890505
178,2023-05-09 00:05:15,0.89035,0.89051
179,2023-05-09 00:05:18,0.89036,0.89052
180,2023-05-09 00:05:19,0.89035,0.89051
181,2023-05-09 00:05:22,0.89034,0.8905
182,2023-05-09 00:05:24,0.89035,0.89051
183,2023-05-09 00:05:26,0.89034,0.8905
184,2023-05-09 00:05:27,0.890335,0.890495
188,2023-05-09 00:05:28,0.8903449999999999,0.890505
190,2023-05-09 00:05:30,0.890355,0.890515
192,2023-05-09 00:05:31,0.89036,0.89052
193,2023-05-09 00:05:38,0.89035,0.89051
196,2023-05-09 00:05:39,0.89034,0.8905
197,2023-05-09 00:05:42,0.89035,0.89051
198,2023-05-09 00:05:43,0.8903449999999999,0.890505
202,2023-05-09 00:05:44,0.890355,0.890515
204,2023-05-09 00:05:49,0.8903449999999999,0.890505
206,2023-05-09 00:05:51,0.89036,0.89052
207,2023-05-09 00:05:52,0.890355,0.890515
209,2023-05-09 00:05:53,0.890355,0.890515
211,2023-05-09 00:05:56,0.890355,0.890515
213,2023-05-09 00:05:57,0.890355,0.890515
215,2023-05-09 00:05:58,0.890355,0.890515
217,2023-05-09 00:05:59,0.890355,0.890515
219,2023-05-09 00:06:00,0.89035,0.89051
222,2023-05-09 00:06:01,0.890355,0.890515
226,2023-05-09 00:06:02,0.890355,0.890515
228,2023-05-09 00:06:03,0.89036,0.89052
229,2023-05-09 00:06:04,0.890355,0.890515
231,2023-05-09 00:06:09,0.89038,0.89054
232,2023-05-09 00:06:11,0.89039,0.89055
233,2023-05-09 00:06:12,0.89038,0.89054
234,2023-05-09 00:06:21,0.89039,0.89055
235,2023-05-09 00:06:22,0.8904,0.89056
236,2023-05-09 00:06:25,0.8904,0.89056
240,2023-05-09 00:06:33,0.89041,0.89057
241,2023-05-09 00:06:38,0.890415,0.890575
243,2023-05-09 00:06:40,0.89042,0.89058
246,2023-05-09 00:06:51,0.890415,0.890575
248,2023-05-09 00:06:56,0.89041,0.89057
249,2023-05-09 00:06:57,0.89042,0.89058
250,2023-05-09 00:07:00,0.89042,0.89058
251,2023-05-09 00:07:04,0.89041,0.89057
252,2023-05-09 00:07:05,0.89042,0.89058
253,2023-05-09 00:07:10,0.89041,0.89057
254,2023-05-09 00:07:12,0.89042,0.89058
255,2023-05-09 00:07:18,0.89043,0.89059
256,2023-05-09 00:07:24,0.89042,0.89058
257,2023-05-09 00:07:51,0.89041,0.89057
258,2023-05-09 00:08:00,0.89041,0.89057
259,2023-05-09 00:08:01,0.890405,0.890565
261,2023-05-09 00:08:03,0.890425,0.890585
263,2023-05-09 00:08:05,0.89042,0.89058
264,2023-05-09 00:08:15,0.89043,0.89059
265,2023-05-09 00:08:18,0.89042,0.89058
266,2023-05-09 00:08:19,0.89043,0.89059
267,2023-05-09 00:08:27,0.89042,0.89058
268,2023-05-09 00:08:32,0.89043,0.89059
269,2023-05-09 00:08:39,0.89042,0.89058
270,2023-05-09 00:08:47,0.89043,0.89059
271,2023-05-09 00:08:59,0.89047,0.89063
274,2023-05-09 00:09:00,0.89048,0.89064
277,2023-05-09 00:09:01,0.8905000000000001,0.89066
279,2023-05-09 00:09:02,0.89053,0.89069
280,2023-05-09 00:09:05,0.89052,0.89068
281,2023-05-09 00:09:06,0.89053,0.89069
282,2023-05-09 00:09:08,0.89052,0.89068
283,2023-05-09 00:09:09,0.89054,0.8907
286,2023-05-09 00:09:10,0.8905449999999999,0.8907050000000001
288,2023-05-09 00:09:14,0.89054,0.8907
289,2023-05-09 00:09:15,0.89055,0.89071
290,2023-05-09 00:09:16,0.8905449999999999,0.8907050000000001
292,2023-05-09 00:09:17,0.89054,0.8907
293,2023-05-09 00:09:18,0.89062,0.89078
294,2023-05-09 00:09:19,0.89065,0.89081
297,2023-05-09 00:09:20,0.890655,0.8908149999999999
299,2023-05-09 00:09:21,0.89065,0.89081
300,2023-05-09 00:09:22,0.890655,0.8908149999999999
302,2023-05-09 00:09:33,0.8906149999999999,0.890775
304,2023-05-09 00:09:34,0.89063,0.89079
305,2023-05-09 00:09:35,0.89062,0.89078
306,2023-05-09 00:09:36,0.89062,0.8907799999999999
308,2023-05-09 00:09:37,0.89062,0.89078
311,2023-05-09 00:09:38,0.890625,0.8907849999999999
313,2023-05-09 00:09:40,0.89063,0.89079
316,2023-05-09 00:09:45,0.89061,0.89077
317,2023-05-09 00:09:46,0.890625,0.8907849999999999
319,2023-05-09 00:09:47,0.890625,0.8907849999999999
321,2023-05-09 00:09:48,0.890625,0.8907849999999999
323,2023-05-09 00:09:49,0.890625,0.8907849999999999
325,2023-05-09 00:09:50,0.890625,0.8907849999999999
327,2023-05-09 00:09:51,0.89062,0.89078
328,2023-05-09 00:09:52,0.89063,0.89079
331,2023-05-09 00:09:53,0.8906350000000001,0.890795
333,2023-05-09 00:09:54,0.89064,0.8908
334,2023-05-09 00:09:55,0.89064,0.8908
337,2023-05-09 00:09:57,0.89063,0.89079
339,2023-05-09 00:09:58,0.89067,0.89083
342,2023-05-09 00:09:59,0.89062,0.89078
343,2023-05-09 00:10:00,0.89062,0.89078
344,2023-05-09 00:10:03,0.890625,0.8907849999999999
346,2023-05-09 00:10:04,0.890625,0.8907849999999999
348,2023-05-09 00:10:05,0.890625,0.8907849999999999
350,2023-05-09 00:10:06,0.89063,0.89079
351,2023-05-09 00:10:11,0.890625,0.8907849999999999
353,2023-05-09 00:10:12,0.89062,0.89078
356,2023-05-09 00:10:13,0.89062,0.8907799999999999
358,2023-05-09 00:10:14,0.89062,0.89078
359,2023-05-09 00:10:15,0.89063,0.89079
360,2023-05-09 00:10:18,0.89062,0.89078
361,2023-05-09 00:10:19,0.89062,0.8907799999999999
363,2023-05-09 00:10:20,0.89062,0.8907799999999999
365,2023-05-09 00:10:21,0.89062,0.8907799999999999
367,2023-05-09 00:10:22,0.890625,0.8907849999999999
369,2023-05-09 00:10:23,0.89063,0.89079
370,2023-05-09 00:10:24,0.89062,0.89078
371,2023-05-09 00:10:26,0.890655,0.8908149999999999
373,2023-05-09 00:10:27,0.89065,0.89081
374,2023-05-09 00:10:28,0.89066,0.89082
375,2023-05-09 00:10:29,0.890625,0.8907849999999999
377,2023-05-09 00:10:30,0.89062,0.8907799999999999
379,2023-05-09 00:10:31,0.89062,0.8907799999999999
381,2023-05-09 00:10:32,0.89061,0.89077
382,2023-05-09 00:10:35,0.89062,0.89078
383,2023-05-09 00:10:36,0.890625,0.8907849999999999
385,2023-05-09 00:10:37,0.89064,0.8908
386,2023-05-09 00:10:39,0.89063,0.89079
388,2023-05-09 00:10:40,0.89062,0.89078
391,2023-05-09 00:10:48,0.89059,0.89075
394,2023-05-09 00:10:58,0.890585,0.890745
396,2023-05-09 00:11:00,0.89059,0.89075
397,2023-05-09 00:11:03,0.89056,0.89072
398,2023-05-09 00:11:04,0.89058,0.89074
399,2023-05-09 00:11:05,0.89055,0.89071
402,2023-05-09 00:11:06,0.890605,0.890765
404,2023-05-09 00:11:07,0.89061,0.89077
405,2023-05-09 00:11:11,0.89056,0.89072
406,2023-05-09 00:11:13,0.890555,0.8907149999999999
408,2023-05-09 00:11:15,0.890555,0.8907149999999999
410,2023-05-09 00:11:16,0.89055,0.89071
411,2023-05-09 00:11:17,0.89056,0.89072
412,2023-05-09 00:11:18,0.89057,0.89073
413,2023-05-09 00:11:22,0.89055,0.89071
414,2023-05-09 00:11:23,0.89056,0.89072
415,2023-05-09 00:11:28,0.89057,0.89073
416,2023-05-09 00:11:31,0.890565,0.890725
418,2023-05-09 00:11:37,0.89058,0.89074
421,2023-05-09 00:11:38,0.89058,0.89074
422,2023-05-09 00:11:39,0.89056,0.89072
423,2023-05-09 00:11:40,0.890575,0.890735
425,2023-05-09 00:11:44,0.8906,0.89076
426,2023-05-09 00:11:45,0.8906149999999999,0.890775
428,2023-05-09 00:11:46,0.89061,0.89077
429,2023-05-09 00:11:51,0.89059,0.89075
430,2023-05-09 00:11:52,0.89057,0.89073
433,2023-05-09 00:11:59,0.89054,0.8907
435,2023-05-09 00:12:00,0.890555,0.8907149999999999
437,2023-05-09 00:12:07,0.89058,0.89074
438,2023-05-09 00:12:08,0.89057,0.89073
439,2023-05-09 00:12:09,0.89058,0.89074
440,2023-05-09 00:12:16,0.89059,0.89075
443,2023-05-09 00:12:20,0.89057,0.89073
444,2023-05-09 00:12:21,0.89058,0.89074
445,2023-05-09 00:12:39,0.89059,0.89075
446,2023-05-09 00:12:48,0.89061,0.89077
447,2023-05-09 00:12:50,0.89062,0.89078
448,2023-05-09 00:12:51,0.89061,0.89077
449,2023-05-09 00:12:55,0.89062,0.89078
450,2023-05-09 00:12:58,0.89063,0.89079
451,2023-05-09 00:13:00,0.89062,0.89078
452,2023-05-09 00:13:05,0.89063,0.89079
453,2023-05-09 00:13:22,0.89062,0.89078
454,2023-05-09 00:13:24,0.89063,0.89079
455,2023-05-09 00:13:29,0.89062,0.89078
456,2023-05-09 00:13:39,0.89063,0.89079
457,2023-05-09 00:13:44,0.890695,0.890855
459,2023-05-09 00:13:45,0.89068,0.89084
460,2023-05-09 00:13:48,0.89066,0.89082
461,2023-05-09 00:13:49,0.890685,0.890845
463,2023-05-09 00:13:50,0.89067,0.89083
464,2023-05-09 00:13:51,0.89068,0.89084
465,2023-05-09 00:13:52,0.89067,0.89083
466,2023-05-09 00:13:53,0.89068,0.89084
469,2023-05-09 00:13:54,0.89069,0.89085
470,2023-05-09 00:14:00,0.89069,0.89085
471,2023-05-09 00:14:02,0.89068,0.89084
472,2023-05-09 00:14:03,0.89069,0.89085
473,2023-05-09 00:14:06,0.89069,0.89085
476,2023-05-09 00:14:07,0.890685,0.890845
478,2023-05-09 00:14:09,0.890695,0.890855
480,2023-05-09 00:14:10,0.890665,0.890825
482,2023-05-09 00:14:25,0.89065,0.89081
483,2023-05-09 00:14:28,0.89067,0.89083
484,2023-05-09 00:14:29,0.89066,0.89082
488,2023-05-09 00:14:31,0.89067,0.89083
491,2023-05-09 00:14:32,0.89066,0.89082
492,2023-05-09 00:14:35,0.89068,0.89084
493,2023-05-09 00:14:37,0.89069,0.89085
494,2023-05-09 00:14:38,0.890695,0.890855
496,2023-05-09 00:14:41,0.89071,0.89087
497,2023-05-09 00:14:42,0.89072,0.89088
498,2023-05-09 00:14:47,0.8907149999999999,0.8908750000000001
500,2023-05-09 00:14:54,0.8907149999999999,0.8908750000000001
502,2023-05-09 00:14:55,0.89072,0.89088
504,2023-05-09 00:14:57,0.890695,0.890855
506,2023-05-09 00:15:00,0.890695,0.890855
508,2023-05-09 00:15:01,0.890675,0.890835
510,2023-05-09 00:15:02,0.89067,0.89083
511,2023-05-09 00:15:03,0.89066,0.89082
512,2023-05-09 00:15:04,0.890645,0.8908050000000001
514,2023-05-09 00:15:07,0.89065,0.89081
515,2023-05-09 00:15:08,0.89068,0.89084
516,2023-05-09 00:15:10,0.89069,0.89085
517,2023-05-09 00:15:18,0.89066,0.89082
518,2023-05-09 00:15:20,0.89069,0.89085
519,2023-05-09 00:15:22,0.89068,0.89084
520,2023-05-09 00:15:23,0.89069,0.89085
521,2023-05-09 00:15:29,0.89068,0.89084
522,2023-05-09 00:15:32,0.89065,0.89081
523,2023-05-09 00:15:33,0.89066,0.89082
524,2023-05-09 00:15:34,0.890645,0.8908050000000001
526,2023-05-09 00:15:35,0.89065,0.89081
529,2023-05-09 00:15:36,0.890655,0.8908149999999999
531,2023-05-09 00:15:37,0.890655,0.8908149999999999
533,2023-05-09 00:15:38,0.890655,0.8908149999999999
535,2023-05-09 00:15:39,0.89066,0.89082
536,2023-05-09 00:15:40,0.890655,0.8908149999999999
538,2023-05-09 00:15:41,0.89065,0.89081
539,2023-05-09 00:15:42,0.89066,0.89082
540,2023-05-09 00:15:43,0.890655,0.8908149999999999
542,2023-05-09 00:15:44,0.89066,0.89082
544,2023-05-09 00:15:45,0.89068,0.89084
545,2023-05-09 00:15:46,0.89067,0.89083
546,2023-05-09 00:15:49,0.89066,0.89082
550,2023-05-09 00:15:50,0.89065,0.89081
551,2023-05-09 00:15:51,0.89067,0.89083
552,2023-05-09 00:15:52,0.890665,0.890825
554,2023-05-09 00:15:53,0.890665,0.890825
556,2023-05-09 00:15:54,0.890665,0.890825
558,2023-05-09 00:15:57,0.89066,0.89082
559,2023-05-09 00:16:00,0.89063,0.89079
562,2023-05-09 00:16:01,0.89061,0.89077
563,2023-05-09 00:16:05,0.8906350000000001,0.890795
565,2023-05-09 00:16:06,0.89062,0.8907799999999999
567,2023-05-09 00:16:07,0.89063,0.89079
569,2023-05-09 00:16:08,0.8906149999999999,0.890775
571,2023-05-09 00:16:10,0.89064,0.8908
572,2023-05-09 00:16:11,0.89063,0.89079
573,2023-05-09 00:16:15,0.890625,0.8907849999999999
575,2023-05-09 00:16:16,0.89061,0.89077
576,2023-05-09 00:16:17,0.89062,0.89078
577,2023-05-09 00:16:18,0.89061,0.89077
578,2023-05-09 00:16:19,0.8906149999999999,0.890775
580,2023-05-09 00:16:20,0.8906149999999999,0.890775
582,2023-05-09 00:16:21,0.8906149999999999,0.890775
586,2023-05-09 00:16:25,0.89063,0.89079
587,2023-05-09 00:16:26,0.89062,0.89078
588,2023-05-09 00:16:27,0.890625,0.8907849999999999
590,2023-05-09 00:16:28,0.890625,0.8907849999999999
592,2023-05-09 00:16:29,0.890625,0.8907849999999999
594,2023-05-09 00:16:31,0.89063,0.89079
595,2023-05-09 00:16:32,0.890625,0.8907849999999999
597,2023-05-09 00:16:34,0.8906499999999999,0.89081
599,2023-05-09 00:16:44,0.89067,0.89083
600,2023-05-09 00:16:46,0.89066,0.89082
601,2023-05-09 00:16:47,0.89068,0.89084
602,2023-05-09 00:16:57,0.89069,0.89085
603,2023-05-09 00:17:00,0.890695,0.890855
605,2023-05-09 00:17:01,0.89069,0.89085
606,2023-05-09 00:17:03,0.89068,0.89084
607,2023-05-09 00:17:04,0.89069,0.89085
608,2023-05-09 00:17:08,0.89068,0.89084
609,2023-05-09 00:17:21,0.89067,0.89083
610,2023-05-09 00:17:22,0.89068,0.89084
613,2023-05-09 00:17:26,0.89066,0.89082
614,2023-05-09 00:17:27,0.890675,0.890835
616,2023-05-09 00:17:33,0.89067,0.89083
617,2023-05-09 00:17:40,0.89068,0.89084
618,2023-05-09 00:17:42,0.89069,0.89085
619,2023-05-09 00:17:43,0.8907,0.89086
620,2023-05-09 00:17:45,0.890695,0.890855
622,2023-05-09 00:17:46,0.890695,0.890855
624,2023-05-09 00:17:47,0.890675,0.890835
626,2023-05-09 00:17:50,0.89066,0.89082
627,2023-05-09 00:17:51,0.89065,0.89081
628,2023-05-09 00:17:52,0.890655,0.8908149999999999
630,2023-05-09 00:17:53,0.890685,0.890845
632,2023-05-09 00:17:56,0.89073,0.89089
634,2023-05-09 00:17:58,0.89073,0.89089
635,2023-05-09 00:18:00,0.89073,0.89089
636,2023-05-09 00:18:03,0.8907,0.89086
637,2023-05-09 00:18:04,0.89071,0.89087
638,2023-05-09 00:18:05,0.8907050000000001,0.890865
640,2023-05-09 00:18:06,0.8907050000000001,0.890865
642,2023-05-09 00:18:08,0.8907,0.89086
645,2023-05-09 00:18:10,0.890695,0.890855
647,2023-05-09 00:18:14,0.890695,0.890855
649,2023-05-09 00:18:15,0.89069,0.89085
650,2023-05-09 00:18:21,0.89067,0.89083
651,2023-05-09 00:18:22,0.89066,0.89082
652,2023-05-09 00:18:23,0.89067,0.89083
653,2023-05-09 00:18:24,0.89066,0.89082
655,2023-05-09 00:18:25,0.89067,0.89083
658,2023-05-09 00:18:26,0.89066,0.89082
660,2023-05-09 00:18:28,0.8906700000000001,0.89083
662,2023-05-09 00:18:29,0.8906700000000001,0.89083
664,2023-05-09 00:18:30,0.89066,0.89082
666,2023-05-09 00:18:34,0.89066,0.89082
668,2023-05-09 00:18:35,0.89066,0.89082
670,2023-05-09 00:18:36,0.89066,0.89082
672,2023-05-09 00:18:37,0.89066,0.89082
674,2023-05-09 00:18:38,0.89068,0.89084
675,2023-05-09 00:18:39,0.89066,0.89082
677,2023-05-09 00:18:40,0.89066,0.89082
679,2023-05-09 00:18:41,0.89066,0.89082
681,2023-05-09 00:18:42,0.89065,0.89081
682,2023-05-09 00:18:43,0.89067,0.89083
683,2023-05-09 00:18:46,0.89066,0.89082
685,2023-05-09 00:18:47,0.89066,0.89082
687,2023-05-09 00:18:48,0.890655,0.8908149999999999
689,2023-05-09 00:18:49,0.8906700000000001,0.89083
691,2023-05-09 00:18:50,0.89067,0.89083
692,2023-05-09 00:18:51,0.89066,0.89082
695,2023-05-09 00:18:52,0.890665,0.890825
697,2023-05-09 00:18:53,0.89066,0.89082
699,2023-05-09 00:18:54,0.89066,0.89082
700,2023-05-09 00:18:58,0.890655,0.8908149999999999
702,2023-05-09 00:18:59,0.89066,0.89082
704,2023-05-09 00:19:00,0.89066,0.89082
706,2023-05-09 00:19:01,0.890655,0.8908149999999999
708,2023-05-09 00:19:02,0.890655,0.8908149999999999
710,2023-05-09 00:19:06,0.890655,0.8908149999999999
712,2023-05-09 00:19:07,0.890655,0.8908149999999999
714,2023-05-09 00:19:08,0.89066,0.89082
716,2023-05-09 00:19:10,0.89065,0.89081
717,2023-05-09 00:19:11,0.89066,0.89082
718,2023-05-09 00:19:14,0.890655,0.8908149999999999
720,2023-05-09 00:19:15,0.890655,0.8908149999999999
722,2023-05-09 00:19:16,0.890655,0.8908149999999999
724,2023-05-09 00:19:17,0.890655,0.8908149999999999
726,2023-05-09 00:19:18,0.890625,0.8907849999999999
728,2023-05-09 00:19:19,0.89063,0.89079
731,2023-05-09 00:19:21,0.890625,0.8907849999999999
733,2023-05-09 00:19:23,0.89062,0.89078
734,2023-05-09 00:19:25,0.890625,0.8907849999999999
736,2023-05-09 00:19:26,0.890625,0.8907849999999999
738,2023-05-09 00:19:27,0.890625,0.8907849999999999
740,2023-05-09 00:19:30,0.8906000000000001,0.89076
742,2023-05-09 00:19:31,0.89062,0.89078
743,2023-05-09 00:19:34,0.8906149999999999,0.890775
745,2023-05-09 00:19:35,0.8906149999999999,0.890775
747,2023-05-09 00:19:36,0.8906149999999999,0.890775
749,2023-05-09 00:19:40,0.8906149999999999,0.890775
751,2023-05-09 00:19:41,0.890625,0.8907849999999999
753,2023-05-09 00:19:42,0.890625,0.8907849999999999
755,2023-05-09 00:19:43,0.890625,0.8907849999999999
757,2023-05-09 00:19:44,0.890625,0.8907849999999999
759,2023-05-09 00:19:50,0.89057,0.89073
760,2023-05-09 00:19:58,0.89056,0.89072
763,2023-05-09 00:20:00,0.89056,0.89072
765,2023-05-09 00:20:04,0.890555,0.890715
767,2023-05-09 00:20:07,0.89053,0.89069
768,2023-05-09 00:20:14,0.89054,0.8907
769,2023-05-09 00:20:15,0.89055,0.89071
772,2023-05-09 00:20:16,0.8905449999999999,0.8907050000000001
774,2023-05-09 00:20:19,0.8905350000000001,0.890695
776,2023-05-09 00:20:21,0.8905449999999999,0.8907050000000001
778,2023-05-09 00:20:22,0.8905449999999999,0.8907050000000001
780,2023-05-09 00:20:23,0.89055,0.89071
783,2023-05-09 00:20:25,0.89056,0.89072
784,2023-05-09 00:20:28,0.89054,0.8907
785,2023-05-09 00:20:43,0.89055,0.89071
787,2023-05-09 00:20:46,0.89057,0.89073
788,2023-05-09 00:20:48,0.89055,0.89071
790,2023-05-09 00:20:49,0.890555,0.8907149999999999
792,2023-05-09 00:20:50,0.890555,0.8907149999999999
794,2023-05-09 00:20:51,0.89057,0.89073
795,2023-05-09 00:20:52,0.89056,0.89072
796,2023-05-09 00:20:54,0.89055,0.89071
797,2023-05-09 00:20:55,0.89056,0.89072
798,2023-05-09 00:20:58,0.89054,0.8907
799,2023-05-09 00:21:00,0.8905350000000001,0.890695
801,2023-05-09 00:21:01,0.8905350000000001,0.890695
803,2023-05-09 00:21:02,0.89054,0.8907
804,2023-05-09 00:21:06,0.89053,0.89069
805,2023-05-09 00:21:07,0.8904650000000001,0.890625
807,2023-05-09 00:21:09,0.8904650000000001,0.890625
809,2023-05-09 00:21:11,0.8904650000000001,0.890625
811,2023-05-09 00:21:12,0.8904650000000001,0.890625
813,2023-05-09 00:21:13,0.8904650000000001,0.890625
815,2023-05-09 00:21:14,0.8904650000000001,0.890625
817,2023-05-09 00:21:15,0.89049,0.89065
818,2023-05-09 00:21:16,0.890505,0.890665
820,2023-05-09 00:21:17,0.890505,0.890665
822,2023-05-09 00:21:18,0.890505,0.890665
824,2023-05-09 00:21:19,0.890505,0.890665
826,2023-05-09 00:21:20,0.890505,0.890665
828,2023-05-09 00:21:21,0.890505,0.890665
830,2023-05-09 00:21:22,0.8905,0.89066
831,2023-05-09 00:21:33,0.89051,0.89067
832,2023-05-09 00:21:35,0.890505,0.890665
834,2023-05-09 00:21:36,0.890505,0.890665
836,2023-05-09 00:21:37,0.890505,0.890665
838,2023-05-09 00:21:38,0.890505,0.890665
840,2023-05-09 00:21:42,0.8905099999999999,0.8906700000000001
842,2023-05-09 00:21:43,0.890505,0.890665
844,2023-05-09 00:21:44,0.890505,0.890665
846,2023-05-09 00:21:45,0.890505,0.890665
848,2023-05-09 00:21:46,0.89051,0.89067
851,2023-05-09 00:21:47,0.89052,0.89068
852,2023-05-09 00:21:49,0.89051,0.89067
853,2023-05-09 00:21:51,0.890505,0.890665
855,2023-05-09 00:21:52,0.890505,0.890665
857,2023-05-09 00:21:53,0.890505,0.890665
859,2023-05-09 00:21:54,0.890505,0.890665
861,2023-05-09 00:21:56,0.89052,0.89068
862,2023-05-09 00:21:59,0.890515,0.890675
864,2023-05-09 00:22:00,0.890515,0.890675
866,2023-05-09 00:22:01,0.890515,0.890675
868,2023-05-09 00:22:02,0.89051,0.89067
869,2023-05-09 00:22:08,0.8905,0.89066
870,2023-05-09 00:22:10,0.8905,0.89066
873,2023-05-09 00:22:16,0.89051,0.89067
874,2023-05-09 00:22:20,0.890505,0.890665
876,2023-05-09 00:22:31,0.89052,0.89068
877,2023-05-09 00:22:37,0.89053,0.89069
878,2023-05-09 00:22:38,0.89052,0.89068
879,2023-05-09 00:22:47,0.890575,0.890735
881,2023-05-09 00:22:50,0.89061,0.89077
882,2023-05-09 00:22:52,0.89062,0.89078
883,2023-05-09 00:23:00,0.89062,0.89078
884,2023-05-09 00:23:07,0.89063,0.89079
885,2023-05-09 00:23:08,0.89062,0.89078
886,2023-05-09 00:23:11,0.89061,0.89077
887,2023-05-09 00:23:13,0.89061,0.89077
890,2023-05-09 00:23:14,0.89061,0.89077
891,2023-05-09 00:23:21,0.89063,0.89079
892,2023-05-09 00:23:25,0.89062,0.89078
893,2023-05-09 00:23:26,0.890625,0.8907849999999999
895,2023-05-09 00:23:27,0.89063,0.89079
896,2023-05-09 00:23:28,0.890625,0.8907849999999999
898,2023-05-09 00:23:29,0.89063,0.89079
900,2023-05-09 00:23:30,0.89065,0.89081
901,2023-05-09 00:23:37,0.8906350000000001,0.890795
903,2023-05-09 00:23:38,0.8906350000000001,0.890795
905,2023-05-09 00:23:39,0.8906350000000001,0.890795
907,2023-05-09 00:23:41,0.89062,0.89078
908,2023-05-09 00:23:47,0.8906149999999999,0.890775
910,2023-05-09 00:23:56,0.8906149999999999,0.890775
912,2023-05-09 00:24:00,0.89062,0.89078
913,2023-05-09 00:24:01,0.89063,0.89079
914,2023-05-09 00:24:03,0.890625,0.8907849999999999
916,2023-05-09 00:24:04,0.890625,0.8907849999999999
918,2023-05-09 00:24:05,0.890625,0.8907849999999999
920,2023-05-09 00:24:06,0.89063,0.89079
923,2023-05-09 00:24:08,0.8906350000000001,0.890795
925,2023-05-09 00:24:09,0.89063,0.89079
928,2023-05-09 00:24:10,0.890625,0.8907849999999999
930,2023-05-09 00:24:11,0.89064,0.8908
931,2023-05-09 00:24:17,0.89063,0.89079
932,2023-05-09 00:24:18,0.89064,0.8908
933,2023-05-09 00:24:22,0.89063,0.89079
934,2023-05-09 00:24:23,0.89063,0.89079
937,2023-05-09 00:24:27,0.8906350000000001,0.890795
941,2023-05-09 00:24:28,0.8906350000000001,0.890795
943,2023-05-09 00:24:29,0.8906350000000001,0.890795
945,2023-05-09 00:24:32,0.89063,0.89079
946,2023-05-09 00:24:33,0.8906350000000001,0.890795
948,2023-05-09 00:24:34,0.89064,0.8908
949,2023-05-09 00:24:35,0.8906350000000001,0.890795
951,2023-05-09 00:24:38,0.8906350000000001,0.890795
953,2023-05-09 00:24:42,0.89063,0.89079
954,2023-05-09 00:24:43,0.89064,0.8908
955,2023-05-09 00:24:48,0.8906350000000001,0.890795
957,2023-05-09 00:24:49,0.8906350000000001,0.890795
959,2023-05-09 00:24:51,0.8906350000000001,0.890795
961,2023-05-09 00:24:52,0.8906350000000001,0.890795
963,2023-05-09 00:24:53,0.8906350000000001,0.890795
965,2023-05-09 00:24:54,0.8906350000000001,0.890795
967,2023-05-09 00:24:58,0.890645,0.890805
969,2023-05-09 00:24:59,0.8906350000000001,0.890795
971,2023-05-09 00:25:00,0.89064,0.8908
972,2023-05-09 00:25:02,0.89063,0.89079
973,2023-05-09 00:25:03,0.8906350000000001,0.890795
975,2023-05-09 00:25:04,0.8906350000000001,0.890795
977,2023-05-09 00:25:05,0.8906350000000001,0.890795
979,2023-05-09 00:25:06,0.89066,0.89082
982,2023-05-09 00:25:07,0.890665,0.890825
984,2023-05-09 00:25:08,0.890675,0.890835
986,2023-05-09 00:25:13,0.890665,0.890825
988,2023-05-09 00:25:17,0.89066,0.89082
989,2023-05-09 00:25:18,0.890665,0.890825
991,2023-05-09 00:25:19,0.89067,0.89083
992,2023-05-09 00:25:21,0.890665,0.890825
994,2023-05-09 00:25:22,0.890665,0.890825
996,2023-05-09 00:25:23,0.890665,0.890825
998,2023-05-09 00:25:24,0.890665,0.890825
1000,2023-05-09 00:25:29,0.89067,0.89083
1003,2023-05-09 00:25:30,0.890675,0.890835
1005,2023-05-09 00:25:32,0.890675,0.890835
1007,2023-05-09 00:25:37,0.890675,0.890835
1009,2023-05-09 00:25:38,0.89067,0.89083
1010,2023-05-09 00:25:39,0.890675,0.890835
1012,2023-05-09 00:25:41,0.890665,0.890825
1014,2023-05-09 00:25:42,0.890665,0.890825
1016,2023-05-09 00:25:43,0.8906700000000001,0.89083
1018,2023-05-09 00:25:44,0.890675,0.890835
1022,2023-05-09 00:25:45,0.89065,0.89081
1025,2023-05-09 00:25:46,0.8906350000000001,0.890795
1027,2023-05-09 00:25:47,0.8906350000000001,0.890795
1029,2023-05-09 00:25:48,0.8906350000000001,0.890795
1031,2023-05-09 00:25:49,0.890625,0.8907849999999999
1033,2023-05-09 00:25:50,0.890625,0.8907849999999999
1035,2023-05-09 00:25:51,0.890625,0.8907849999999999
1037,2023-05-09 00:25:52,0.89064,0.8908
1038,2023-05-09 00:25:53,0.89062,0.8907799999999999
1040,2023-05-09 00:25:54,0.8906,0.89076
1041,2023-05-09 00:25:59,0.89061,0.89077
1042,2023-05-09 00:26:00,0.89061,0.89077
1043,2023-05-09 00:26:04,0.890595,0.890755
1045,2023-05-09 00:26:05,0.890595,0.890755
1047,2023-05-09 00:26:06,0.890595,0.890755
1049,2023-05-09 00:26:07,0.890595,0.890755
1051,2023-05-09 00:26:09,0.89058,0.89074
1052,2023-05-09 00:26:10,0.8906000000000001,0.89076
1054,2023-05-09 00:26:14,0.890625,0.8907849999999999
1056,2023-05-09 00:26:17,0.89062,0.89078
1057,2023-05-09 00:26:20,0.89064,0.8908
1060,2023-05-09 00:26:24,0.89063,0.89079
1061,2023-05-09 00:26:25,0.890645,0.8908050000000001
1063,2023-05-09 00:26:26,0.8906350000000001,0.890795
1065,2023-05-09 00:26:27,0.8906350000000001,0.890795
1067,2023-05-09 00:26:30,0.89065,0.89081
1070,2023-05-09 00:26:36,0.89064,0.8908
1071,2023-05-09 00:26:38,0.89063,0.89079
1074,2023-05-09 00:26:40,0.8906400000000001,0.8908
1076,2023-05-09 00:26:41,0.89064,0.8908
1077,2023-05-09 00:26:42,0.8906350000000001,0.890795
1079,2023-05-09 00:26:43,0.8906350000000001,0.890795
1081,2023-05-09 00:26:47,0.890625,0.8907849999999999
1083,2023-05-09 00:26:48,0.89064,0.8908
1084,2023-05-09 00:26:49,0.8906350000000001,0.890795
1086,2023-05-09 00:26:50,0.8906350000000001,0.890795
1090,2023-05-09 00:26:51,0.890655,0.890815
1094,2023-05-09 00:26:52,0.89068,0.89084
1095,2023-05-09 00:26:53,0.890675,0.890835
1097,2023-05-09 00:26:56,0.890675,0.890835
1099,2023-05-09 00:26:58,0.890675,0.890835
1101,2023-05-09 00:26:59,0.890675,0.890835
1103,2023-05-09 00:27:00,0.890675,0.890835
1105,2023-05-09 00:27:01,0.890675,0.890835
1107,2023-05-09 00:27:02,0.890675,0.890835
1109,2023-05-09 00:27:03,0.89067,0.89083
1110,2023-05-09 00:27:04,0.89068,0.89084
1113,2023-05-09 00:27:05,0.89066,0.89082
1114,2023-05-09 00:27:06,0.890665,0.890825
1116,2023-05-09 00:27:07,0.89067,0.89083
1117,2023-05-09 00:27:11,0.890675,0.890835
1119,2023-05-09 00:27:12,0.890675,0.890835
1121,2023-05-09 00:27:13,0.89068,0.89084
1122,2023-05-09 00:27:21,0.89069,0.89085
1123,2023-05-09 00:27:22,0.89071,0.89087
1126,2023-05-09 00:27:25,0.8907149999999999,0.8908750000000001
1128,2023-05-09 00:27:27,0.8907149999999999,0.8908750000000001
1130,2023-05-09 00:27:28,0.8907149999999999,0.8908750000000001
1132,2023-05-09 00:27:29,0.8907050000000001,0.890865
1134,2023-05-09 00:27:31,0.890695,0.890855
1136,2023-05-09 00:27:38,0.89066,0.89082
1137,2023-05-09 00:27:40,0.89067,0.89083
1138,2023-05-09 00:27:42,0.890695,0.890855
1140,2023-05-09 00:27:44,0.8907,0.89086
1141,2023-05-09 00:27:45,0.89071,0.89087
1142,2023-05-09 00:27:46,0.8907050000000001,0.890865
1144,2023-05-09 00:27:53,0.8907,0.89086
1145,2023-05-09 00:27:54,0.89069,0.89085
1146,2023-05-09 00:27:55,0.89072,0.89088
1147,2023-05-09 00:27:56,0.8907,0.89086
1148,2023-05-09 00:27:57,0.89069,0.89085
1151,2023-05-09 00:28:00,0.89069,0.89085
1152,2023-05-09 00:28:04,0.890675,0.890835
1154,2023-05-09 00:28:10,0.89068,0.89084
1155,2023-05-09 00:28:11,0.890665,0.890825
1157,2023-05-09 00:28:13,0.890665,0.890825
1159,2023-05-09 00:28:14,0.890655,0.8908149999999999
1161,2023-05-09 00:28:15,0.890655,0.8908149999999999
1163,2023-05-09 00:28:17,0.89066,0.89082
1166,2023-05-09 00:28:18,0.8906700000000001,0.89083
1168,2023-05-09 00:28:19,0.8906700000000001,0.89083
1170,2023-05-09 00:28:20,0.8906700000000001,0.89083
1172,2023-05-09 00:28:21,0.89068,0.89084
1173,2023-05-09 00:28:23,0.8907,0.89086
1174,2023-05-09 00:28:24,0.890695,0.890855
1176,2023-05-09 00:28:30,0.8907050000000001,0.890865
1178,2023-05-09 00:28:31,0.890695,0.890855
1180,2023-05-09 00:28:32,0.8907050000000001,0.890865
1182,2023-05-09 00:28:33,0.8907050000000001,0.890865
1184,2023-05-09 00:28:34,0.8907050000000001,0.890865
1186,2023-05-09 00:28:35,0.89071,0.89087
1187,2023-05-09 00:28:37,0.8907050000000001,0.890865
1189,2023-05-09 00:28:38,0.8907050000000001,0.890865
1191,2023-05-09 00:28:39,0.89069,0.89085
1192,2023-05-09 00:28:43,0.89067,0.89083
1195,2023-05-09 00:28:44,0.890665,0.890825
1197,2023-05-09 00:28:45,0.890665,0.890825
1199,2023-05-09 00:28:46,0.890665,0.890825
1201,2023-05-09 00:28:47,0.890665,0.890825
1203,2023-05-09 00:28:48,0.890665,0.890825
1205,2023-05-09 00:28:53,0.890665,0.890825
1207,2023-05-09 00:28:54,0.890665,0.890825
1209,2023-05-09 00:28:57,0.890665,0.890825
1211,2023-05-09 00:28:58,0.890665,0.890825
1213,2023-05-09 00:28:59,0.890665,0.890825
1215,2023-05-09 00:29:00,0.89067,0.89083
1218,2023-05-09 00:29:04,0.89066,0.89082
1219,2023-05-09 00:29:18,0.89068,0.89084
1220,2023-05-09 00:29:24,0.89066,0.89082
1221,2023-05-09 00:29:25,0.890665,0.890825
1223,2023-05-09 00:29:38,0.89067,0.89083
1224,2023-05-09 00:29:43,0.890665,0.890825
1226,2023-05-09 00:29:44,0.890665,0.890825
1228,2023-05-09 00:29:45,0.890665,0.890825
1230,2023-05-09 00:29:46,0.89066,0.89082
1231,2023-05-09 00:29:47,0.89067,0.89083
1232,2023-05-09 00:29:51,0.890665,0.890825
1234,2023-05-09 00:29:52,0.890665,0.890825
1236,2023-05-09 00:29:53,0.89066,0.89082
1239,2023-05-09 00:29:54,0.89061,0.89077
1240,2023-05-09 00:30:00,0.89061,0.89077
1241,2023-05-09 00:30:03,0.89058,0.89074
1242,2023-05-09 00:30:08,0.89057,0.89073
1243,2023-05-09 00:30:18,0.89056,0.89072
1244,2023-05-09 00:30:19,0.89055,0.89071
1245,2023-05-09 00:30:20,0.89054,0.8907
1246,2023-05-09 00:30:24,0.8905700000000001,0.89073
1248,2023-05-09 00:30:25,0.89057,0.89073
1249,2023-05-09 00:30:26,0.89058,0.89074
1250,2023-05-09 00:30:29,0.8905799999999999,0.8907400000000001
1252,2023-05-09 00:30:30,0.89059,0.89075
1255,2023-05-09 00:30:31,0.890595,0.890755
1257,2023-05-09 00:30:32,0.890595,0.890755
1259,2023-05-09 00:30:34,0.89059,0.89075
1260,2023-05-09 00:30:35,0.890595,0.890755
1262,2023-05-09 00:30:36,0.890595,0.890755
1264,2023-05-09 00:30:37,0.8906,0.89076
1265,2023-05-09 00:30:40,0.89059,0.89075
1266,2023-05-09 00:30:46,0.89057,0.89073
1267,2023-05-09 00:30:51,0.89056,0.89072
1268,2023-05-09 00:30:53,0.89054,0.8907
1269,2023-05-09 00:30:54,0.89055,0.89071
1270,2023-05-09 00:31:00,0.89055,0.89071
1271,2023-05-09 00:31:03,0.89054,0.8907
1272,2023-05-09 00:31:04,0.89052,0.89068
1273,2023-05-09 00:31:05,0.89053,0.89069
1274,2023-05-09 00:31:06,0.89054,0.8907
1275,2023-05-09 00:31:09,0.89053,0.89069
1276,2023-05-09 00:31:12,0.89051,0.89067
1277,2023-05-09 00:31:14,0.890525,0.890685
1279,2023-05-09 00:31:42,0.8905,0.89066
1280,2023-05-09 00:31:54,0.89052,0.89068
1281,2023-05-09 00:31:57,0.89051,0.89067
1282,2023-05-09 00:31:59,0.89052,0.89068
1283,2023-05-09 00:32:00,0.89052,0.89068
1284,2023-05-09 00:32:01,0.89053,0.89069
1285,2023-05-09 00:32:02,0.89052,0.89068
1286,2023-05-09 00:32:04,0.8905,0.89066
1287,2023-05-09 00:32:05,0.89051,0.89067
1288,2023-05-09 00:32:06,0.8905,0.89066
1289,2023-05-09 00:32:07,0.890485,0.890645
1291,2023-05-09 00:32:25,0.8905,0.89066
1292,2023-05-09 00:32:26,0.89051,0.89067
1293,2023-05-09 00:32:41,0.89052,0.89068
1294,2023-05-09 00:32:42,0.89051,0.89067
1295,2023-05-09 00:32:44,0.89053,0.89069
1296,2023-05-09 00:32:50,0.89052,0.89068
1297,2023-05-09 00:32:57,0.89054,0.8907
1298,2023-05-09 00:33:00,0.8905449999999999,0.8907050000000001
1300,2023-05-09 00:33:02,0.89054,0.8907
1301,2023-05-09 00:33:12,0.89056,0.89072
1302,2023-05-09 00:33:26,0.89059,0.89075
1303,2023-05-09 00:33:30,0.89057,0.89073
1304,2023-05-09 00:33:36,0.890515,0.890675
1306,2023-05-09 00:33:38,0.89053,0.89069
1309,2023-05-09 00:33:42,0.89052,0.89068
1310,2023-05-09 00:33:44,0.89051,0.89067
1313,2023-05-09 00:33:48,0.89053,0.89069
1314,2023-05-09 00:33:50,0.89052,0.89068
1315,2023-05-09 00:33:56,0.89053,0.89069
1316,2023-05-09 00:34:00,0.890525,0.890685
1318,2023-05-09 00:34:01,0.89051,0.89067
1319,2023-05-09 00:34:06,0.89052,0.89068
1320,2023-05-09 00:34:16,0.89051,0.89067
1321,2023-05-09 00:34:18,0.8905,0.89066
1322,2023-05-09 00:34:22,0.89049,0.89065
1323,2023-05-09 00:34:30,0.890505,0.890665
1325,2023-05-09 00:34:36,0.89052,0.89068
1326,2023-05-09 00:34:54,0.89053,0.89069
1327,2023-05-09 00:34:56,0.89052,0.89068
1328,2023-05-09 00:34:57,0.890525,0.890685
1330,2023-05-09 00:35:00,0.890525,0.890685
1332,2023-05-09 00:35:05,0.89046,0.89062
1335,2023-05-09 00:35:08,0.89044,0.8906
1336,2023-05-09 00:35:13,0.89045,0.89061
1337,2023-05-09 00:35:17,0.8904650000000001,0.890625
1339,2023-05-09 00:35:25,0.89045,0.89061
1340,2023-05-09 00:35:27,0.89048,0.89064
1341,2023-05-09 00:35:30,0.89047,0.89063
1342,2023-05-09 00:35:31,0.89046,0.89062
1343,2023-05-09 00:35:32,0.89045,0.89061
1344,2023-05-09 00:35:35,0.89044,0.8906
1345,2023-05-09 00:35:47,0.89045,0.89061
1346,2023-05-09 00:35:49,0.8904449999999999,0.890605
1348,2023-05-09 00:35:51,0.89046,0.89062
1349,2023-05-09 00:35:52,0.89045,0.89061
1350,2023-05-09 00:35:55,0.890455,0.8906149999999999
1352,2023-05-09 00:35:57,0.89046,0.89062
1355,2023-05-09 00:36:00,0.89047,0.89063
1356,2023-05-09 00:36:06,0.89049,0.89065
1359,2023-05-09 00:36:07,0.890495,0.890655
1361,2023-05-09 00:36:08,0.890495,0.890655
1363,2023-05-09 00:36:09,0.890495,0.890655
1365,2023-05-09 00:36:10,0.890495,0.890655
1367,2023-05-09 00:36:11,0.890495,0.890655
1369,2023-05-09 00:36:12,0.8905,0.89066
1370,2023-05-09 00:36:13,0.89049,0.89065
1371,2023-05-09 00:36:19,0.8905,0.89066
1372,2023-05-09 00:36:29,0.89051,0.89067
1373,2023-05-09 00:36:30,0.89052,0.89068
1374,2023-05-09 00:36:40,0.8905,0.89066
1375,2023-05-09 00:36:41,0.89051,0.89067
1376,2023-05-09 00:36:45,0.8905,0.89066
1377,2023-05-09 00:36:48,0.89051,0.89067
1378,2023-05-09 00:36:57,0.8905,0.89066
1379,2023-05-09 00:36:58,0.89051,0.89067
1380,2023-05-09 00:37:00,0.89051,0.89067
1381,2023-05-09 00:37:04,0.89054,0.8907
1382,2023-05-09 00:37:05,0.89053,0.89069
1383,2023-05-09 00:37:08,0.89055,0.89071
1384,2023-05-09 00:37:11,0.89054,0.8907
1385,2023-05-09 00:37:15,0.89053,0.89069
1386,2023-05-09 00:37:18,0.8905350000000001,0.890695
1388,2023-05-09 00:37:19,0.8905350000000001,0.890695
1390,2023-05-09 00:37:20,0.8905350000000001,0.890695
1392,2023-05-09 00:37:21,0.8905350000000001,0.890695
1394,2023-05-09 00:37:25,0.89055,0.89071
1395,2023-05-09 00:37:26,0.89054,0.8907
1396,2023-05-09 00:37:27,0.89055,0.89071
1397,2023-05-09 00:37:32,0.89055,0.89071
1400,2023-05-09 00:37:41,0.89054,0.8907
1401,2023-05-09 00:37:54,0.89055,0.89071
1402,2023-05-09 00:37:58,0.89058,0.89074
1403,2023-05-09 00:37:59,0.89056,0.89072
1404,2023-05-09 00:38:00,0.89055,0.89071
1406,2023-05-09 00:38:01,0.89055,0.89071
1407,2023-05-09 00:38:04,0.89054,0.8907
1408,2023-05-09 00:38:14,0.89053,0.89069
1409,2023-05-09 00:38:19,0.890455,0.8906149999999999
1411,2023-05-09 00:38:22,0.89047,0.89063
1412,2023-05-09 00:38:28,0.89046,0.89062
1413,2023-05-09 00:38:29,0.89047,0.89063
1414,2023-05-09 00:38:32,0.89046,0.89062
1415,2023-05-09 00:38:33,0.89048,0.89064
1416,2023-05-09 00:38:40,0.89049,0.89065
1417,2023-05-09 00:38:41,0.89049,0.8906499999999999
1419,2023-05-09 00:38:42,0.890505,0.890665
1421,2023-05-09 00:38:43,0.890505,0.890665
1423,2023-05-09 00:38:52,0.89048,0.89064
1424,2023-05-09 00:38:54,0.89047,0.89063
1425,2023-05-09 00:38:58,0.89046,0.89062
1426,2023-05-09 00:38:59,0.89047,0.89063
1427,2023-05-09 00:39:00,0.89047,0.89063
1428,2023-05-09 00:39:01,0.8904650000000001,0.890625
1430,2023-05-09 00:39:02,0.89045,0.89061
1431,2023-05-09 00:39:03,0.89046,0.89062
1432,2023-05-09 00:39:04,0.89044,0.8906
1433,2023-05-09 00:39:05,0.89045,0.89061
1434,2023-05-09 00:39:14,0.89044,0.8906
1435,2023-05-09 00:39:18,0.89043,0.89059
1436,2023-05-09 00:39:20,0.89044,0.8906
1437,2023-05-09 00:39:21,0.89043,0.89059
1438,2023-05-09 00:39:25,0.89042,0.89058
1439,2023-05-09 00:39:27,0.89043,0.89059
1440,2023-05-09 00:39:38,0.89042,0.89058
1441,2023-05-09 00:39:40,0.8904350000000001,0.890595
1443,2023-05-09 00:39:50,0.89048,0.89064
1444,2023-05-09 00:39:51,0.89049,0.89065
1445,2023-05-09 00:39:52,0.89048,0.89064
1446,2023-05-09 00:39:54,0.89047,0.89063
1447,2023-05-09 00:39:55,0.89046,0.89062
1448,2023-05-09 00:39:57,0.89047,0.89063
1449,2023-05-09 00:40:00,0.890475,0.8906350000000001
1451,2023-05-09 00:40:02,0.89047,0.89063
1452,2023-05-09 00:40:03,0.89048,0.89064
1453,2023-05-09 00:40:08,0.89046,0.89062
1454,2023-05-09 00:40:10,0.890475,0.8906350000000001
1456,2023-05-09 00:40:11,0.8904799999999999,0.8906400000000001
1458,2023-05-09 00:40:16,0.890455,0.8906149999999999
1460,2023-05-09 00:40:21,0.89046,0.89062
1461,2023-05-09 00:40:24,0.89048,0.89064
1462,2023-05-09 00:40:26,0.890475,0.8906350000000001
1464,2023-05-09 00:40:31,0.89047,0.89063
1465,2023-05-09 00:40:37,0.89046,0.89062
1466,2023-05-09 00:40:50,0.89044,0.8906
1467,2023-05-09 00:40:51,0.89045,0.89061
1470,2023-05-09 00:40:52,0.89044,0.8906
1471,2023-05-09 00:41:00,0.89044,0.8906
1472,2023-05-09 00:41:01,0.89045,0.89061
1473,2023-05-09 00:41:03,0.89044,0.8906
1474,2023-05-09 00:41:12,0.89043,0.89059
1475,2023-05-09 00:41:14,0.89044,0.8906
1476,2023-05-09 00:41:16,0.89043,0.89059
1477,2023-05-09 00:41:17,0.89042,0.89058
1478,2023-05-09 00:41:18,0.89041,0.89057
1479,2023-05-09 00:41:21,0.89044,0.8906
1480,2023-05-09 00:41:30,0.89046,0.89062
1481,2023-05-09 00:41:31,0.89045,0.89061
1482,2023-05-09 00:41:34,0.890455,0.8906149999999999
1484,2023-05-09 00:41:35,0.89044,0.8906
1485,2023-05-09 00:41:42,0.89045,0.89061
1486,2023-05-09 00:41:43,0.89046,0.89062
1487,2023-05-09 00:41:46,0.89045,0.89061
1488,2023-05-09 00:41:49,0.89049,0.89065
1489,2023-05-09 00:42:00,0.89049,0.89065
1490,2023-05-09 00:42:04,0.89047,0.89063
1491,2023-05-09 00:42:09,0.89046,0.89062
1492,2023-05-09 00:42:18,0.89045,0.89061
1493,2023-05-09 00:42:19,0.89046,0.89062
1494,2023-05-09 00:42:43,0.89047,0.89063
1495,2023-05-09 00:42:44,0.8905,0.89066
1496,2023-05-09 00:42:51,0.89051,0.89067
1497,2023-05-09 00:42:53,0.8905,0.89066
1498,2023-05-09 00:42:56,0.89051,0.89067
1499,2023-05-09 00:42:59,0.89052,0.89068
1500,2023-05-09 00:43:00,0.89052,0.89068
1501,2023-05-09 00:43:10,0.89051,0.89067
1502,2023-05-09 00:43:15,0.8905,0.89066
1503,2023-05-09 00:43:17,0.89051,0.89067
1504,2023-05-09 00:43:18,0.8905,0.89066
1505,2023-05-09 00:43:21,0.89051,0.89067
1506,2023-05-09 00:43:23,0.8905,0.89066
1507,2023-05-09 00:43:24,0.89051,0.89067
1508,2023-05-09 00:43:27,0.8905,0.89066
1509,2023-05-09 00:43:29,0.89055,0.89071
1510,2023-05-09 00:43:30,0.89054,0.8907
1511,2023-05-09 00:43:31,0.89055,0.89071
1512,2023-05-09 00:43:32,0.89056,0.89072
1513,2023-05-09 00:43:33,0.89054,0.8907
1514,2023-05-09 00:43:35,0.89053,0.89069
1515,2023-05-09 00:43:39,0.89054,0.8907
1516,2023-05-09 00:43:40,0.89053,0.89069
1517,2023-05-09 00:43:47,0.89052,0.89068
1518,2023-05-09 00:43:49,0.89053,0.89069
1519,2023-05-09 00:43:50,0.89052,0.89068
1520,2023-05-09 00:43:56,0.89053,0.89069
1521,2023-05-09 00:43:57,0.89052,0.89068
1522,2023-05-09 00:43:58,0.8905099999999999,0.8906700000000001
1524,2023-05-09 00:44:00,0.89052,0.89068
1525,2023-05-09 00:44:10,0.89051,0.89067
1526,2023-05-09 00:44:11,0.89052,0.89068
1527,2023-05-09 00:44:12,0.89051,0.89067
1528,2023-05-09 00:44:13,0.890515,0.890675
1530,2023-05-09 00:44:24,0.89049,0.89065
1531,2023-05-09 00:44:30,0.890495,0.890655
1533,2023-05-09 00:44:31,0.8905,0.89066
1534,2023-05-09 00:44:46,0.89052,0.89068
1535,2023-05-09 00:44:48,0.89053,0.89069
1536,2023-05-09 00:44:49,0.89054,0.8907
1537,2023-05-09 00:44:50,0.89053,0.89069
1538,2023-05-09 00:44:51,0.89054,0.8907
1539,2023-05-09 00:44:52,0.89055,0.89071
1540,2023-05-09 00:44:53,0.89056,0.89072
1541,2023-05-09 00:44:58,0.89057,0.89073
1542,2023-05-09 00:45:00,0.89057,0.89073
1543,2023-05-09 00:45:02,0.89056,0.89072
1544,2023-05-09 00:45:16,0.89055,0.89071
1545,2023-05-09 00:45:26,0.89057,0.89073
1546,2023-05-09 00:45:43,0.89056,0.89072
1547,2023-05-09 00:45:45,0.89055,0.89071
1548,2023-05-09 00:45:48,0.89054,0.8907
1549,2023-05-09 00:45:51,0.89051,0.89067
1550,2023-05-09 00:45:55,0.89047,0.89063
1551,2023-05-09 00:46:00,0.89047,0.89063
1552,2023-05-09 00:46:01,0.89046,0.89062
1553,2023-05-09 00:46:08,0.89045,0.89061
1554,2023-05-09 00:46:09,0.89046,0.89062
1555,2023-05-09 00:46:12,0.89045,0.89061
1556,2023-05-09 00:46:20,0.89044,0.8906
1557,2023-05-09 00:46:25,0.8904449999999999,0.890605
1559,2023-05-09 00:46:31,0.89045,0.89061
1560,2023-05-09 00:46:34,0.89044,0.8906
1561,2023-05-09 00:46:44,0.89045,0.89061
1562,2023-05-09 00:46:53,0.89044,0.8906
1563,2023-05-09 00:46:55,0.89045,0.89061
1564,2023-05-09 00:47:00,0.89045,0.89061
1565,2023-05-09 00:47:02,0.89044,0.8906
1566,2023-05-09 00:47:03,0.89045,0.89061
1567,2023-05-09 00:47:05,0.89047,0.89063
1568,2023-05-09 00:47:06,0.89045,0.89061
1569,2023-05-09 00:47:10,0.8904650000000001,0.890625
1571,2023-05-09 00:47:17,0.8905,0.89066
1572,2023-05-09 00:47:22,0.890495,0.890655
1574,2023-05-09 00:47:23,0.890495,0.890655
1576,2023-05-09 00:47:27,0.89049,0.89065
1577,2023-05-09 00:47:30,0.8905,0.89066
1578,2023-05-09 00:47:31,0.89051,0.89067
1579,2023-05-09 00:47:32,0.89049,0.89065
1580,2023-05-09 00:47:33,0.8905,0.89066
1581,2023-05-09 00:47:40,0.890505,0.890665
1583,2023-05-09 00:47:41,0.89051,0.89067
1584,2023-05-09 00:47:47,0.8905,0.89066
1585,2023-05-09 00:47:55,0.890505,0.890665
1587,2023-05-09 00:47:56,0.890505,0.890665
1589,2023-05-09 00:47:58,0.890495,0.890655
1591,2023-05-09 00:48:00,0.8905,0.89066
1592,2023-05-09 00:48:07,0.89051,0.89067
1593,2023-05-09 00:48:10,0.8905,0.89066
1594,2023-05-09 00:48:11,0.89049,0.89065
1595,2023-05-09 00:48:12,0.8905,0.89066
1596,2023-05-09 00:48:13,0.890495,0.890655
1598,2023-05-09 00:48:14,0.890495,0.890655
1600,2023-05-09 00:48:15,0.89049,0.89065
1601,2023-05-09 00:48:16,0.89048,0.89064
1602,2023-05-09 00:48:17,0.89046,0.89062
1603,2023-05-09 00:48:19,0.89047,0.89063
1604,2023-05-09 00:48:20,0.89045,0.89061
1605,2023-05-09 00:48:21,0.890455,0.8906149999999999
1607,2023-05-09 00:48:22,0.89046,0.89062
1610,2023-05-09 00:48:23,0.89047,0.89063
1611,2023-05-09 00:48:25,0.89046,0.89062
1614,2023-05-09 00:48:26,0.89045,0.89061
1615,2023-05-09 00:48:27,0.89044,0.8906
1616,2023-05-09 00:48:28,0.89043,0.89059
1617,2023-05-09 00:48:29,0.89044,0.8906
1620,2023-05-09 00:48:31,0.890425,0.890585
1622,2023-05-09 00:48:32,0.89044,0.8906
1623,2023-05-09 00:48:33,0.890425,0.890585
1625,2023-05-09 00:48:39,0.89041,0.89057
1626,2023-05-09 00:48:41,0.8904,0.89056
1627,2023-05-09 00:48:42,0.89041,0.89057
1628,2023-05-09 00:48:44,0.89043,0.89059
1629,2023-05-09 00:48:45,0.890425,0.890585
1631,2023-05-09 00:48:46,0.89042,0.89058
1632,2023-05-09 00:48:47,0.89041,0.89057
1633,2023-05-09 00:48:50,0.8904,0.89056
1634,2023-05-09 00:48:51,0.89041,0.89057
1635,2023-05-09 00:49:00,0.8904,0.89056
1638,2023-05-09 00:49:02,0.8904,0.89056
1639,2023-05-09 00:49:03,0.89039,0.89055
1640,2023-05-09 00:49:05,0.8903749999999999,0.8905350000000001
1642,2023-05-09 00:49:06,0.8903749999999999,0.8905350000000001
1646,2023-05-09 00:49:09,0.89038,0.89054
1647,2023-05-09 00:49:17,0.89039,0.89055
1648,2023-05-09 00:49:18,0.89038,0.89054
1651,2023-05-09 00:49:27,0.89037,0.89053
1652,2023-05-09 00:49:34,0.89038,0.89054
1653,2023-05-09 00:49:40,0.89037,0.89053
1654,2023-05-09 00:49:47,0.89036,0.89052
1655,2023-05-09 00:49:50,0.89035,0.89051
1656,2023-05-09 00:49:55,0.890355,0.890515
1658,2023-05-09 00:50:00,0.89036,0.89052
1660,2023-05-09 00:50:01,0.89038,0.89054
1661,2023-05-09 00:50:05,0.8904,0.89056
1662,2023-05-09 00:50:11,0.89041,0.89057
1663,2023-05-09 00:50:12,0.8904,0.89056
1664,2023-05-09 00:50:14,0.890405,0.890565
1666,2023-05-09 00:50:22,0.89041,0.89057
1667,2023-05-09 00:50:24,0.89042,0.89058
1668,2023-05-09 00:50:28,0.89041,0.89057
1669,2023-05-09 00:50:31,0.8904,0.89056
1670,2023-05-09 00:50:33,0.89038,0.89054
1671,2023-05-09 00:50:34,0.89039,0.89055
1672,2023-05-09 00:50:35,0.890405,0.890565
1674,2023-05-09 00:50:41,0.89039,0.89055
1675,2023-05-09 00:50:45,0.8904,0.89056
1676,2023-05-09 00:50:52,0.89038,0.89054
1677,2023-05-09 00:51:00,0.8903749999999999,0.8905350000000001
1679,2023-05-09 00:51:05,0.89036,0.89052
1680,2023-05-09 00:51:07,0.89037,0.89053
1681,2023-05-09 00:51:08,0.89035,0.89051
1682,2023-05-09 00:51:14,0.89034,0.8905
1683,2023-05-09 00:51:15,0.8903449999999999,0.890505
1685,2023-05-09 00:51:18,0.89033,0.89049
1686,2023-05-09 00:51:20,0.89035,0.8905099999999999
1688,2023-05-09 00:51:30,0.89037,0.89053
1689,2023-05-09 00:51:31,0.89035,0.89051
1690,2023-05-09 00:51:33,0.89036,0.89052
1691,2023-05-09 00:51:39,0.89033,0.89049
1692,2023-05-09 00:51:40,0.89032,0.89048
1693,2023-05-09 00:51:43,0.89033,0.89049
1694,2023-05-09 00:51:46,0.89032,0.89048
1695,2023-05-09 00:51:47,0.890335,0.890495
1697,2023-05-09 00:51:52,0.89033,0.89049
1698,2023-05-09 00:51:59,0.89034,0.8905
1699,2023-05-09 00:52:00,0.89035,0.8905099999999999
1701,2023-05-09 00:52:09,0.89034,0.8905
1702,2023-05-09 00:52:10,0.89033,0.89049
1703,2023-05-09 00:52:13,0.89032,0.89048
1704,2023-05-09 00:52:18,0.89033,0.89049
1705,2023-05-09 00:52:20,0.89034,0.8905
1706,2023-05-09 00:52:21,0.89033,0.89049
1707,2023-05-09 00:52:22,0.89032,0.89048
1708,2023-05-09 00:52:23,0.89033,0.89049
1709,2023-05-09 00:52:24,0.8903449999999999,0.890505
1711,2023-05-09 00:52:25,0.8903650000000001,0.890525
1713,2023-05-09 00:52:28,0.89035,0.89051
1714,2023-05-09 00:52:29,0.89036,0.89052
1715,2023-05-09 00:52:33,0.89037,0.89053
1716,2023-05-09 00:52:37,0.89039,0.89055
1717,2023-05-09 00:52:42,0.8904,0.89056
1718,2023-05-09 00:52:44,0.89038,0.89054
1719,2023-05-09 00:52:51,0.89037,0.89053
1720,2023-05-09 00:53:00,0.89036,0.89052
1721,2023-05-09 00:53:06,0.8903650000000001,0.890525
1723,2023-05-09 00:53:08,0.89037,0.89053
1724,2023-05-09 00:53:12,0.89039,0.89055
1725,2023-05-09 00:53:13,0.8904,0.89056
1726,2023-05-09 00:53:20,0.89039,0.89055
1727,2023-05-09 00:53:21,0.8904,0.89056
1728,2023-05-09 00:53:23,0.89039,0.89055
1729,2023-05-09 00:53:24,0.890405,0.890565
1731,2023-05-09 00:53:26,0.8904,0.89056
1732,2023-05-09 00:53:30,0.89042,0.89058
1733,2023-05-09 00:53:42,0.8904,0.89056
1734,2023-05-09 00:53:46,0.89041,0.89057
1735,2023-05-09 00:53:49,0.8904,0.89056
1736,2023-05-09 00:53:50,0.890425,0.890585
1740,2023-05-09 00:53:51,0.890425,0.890585
1744,2023-05-09 00:53:55,0.890425,0.890585
1746,2023-05-09 00:53:56,0.890425,0.890585
1748,2023-05-09 00:53:57,0.890425,0.890585
1750,2023-05-09 00:53:58,0.890425,0.890585
1752,2023-05-09 00:54:00,0.8904350000000001,0.890595
1754,2023-05-09 00:54:01,0.89044,0.8906
1755,2023-05-09 00:54:02,0.89045,0.89061
1756,2023-05-09 00:54:05,0.89046,0.89062
1757,2023-05-09 00:54:06,0.890455,0.8906149999999999
1759,2023-05-09 00:54:07,0.89045,0.89061
1760,2023-05-09 00:54:08,0.890455,0.8906149999999999
1762,2023-05-09 00:54:16,0.89046,0.89062
1763,2023-05-09 00:54:17,0.89045,0.89061
1764,2023-05-09 00:54:27,0.89046,0.89062
1765,2023-05-09 00:54:29,0.89045,0.89061
1766,2023-05-09 00:54:34,0.89048,0.89064
1767,2023-05-09 00:54:36,0.89047,0.89063
1768,2023-05-09 00:54:37,0.8904650000000001,0.890625
1770,2023-05-09 00:54:38,0.89049,0.89065
1771,2023-05-09 00:54:39,0.8905,0.89066
1772,2023-05-09 00:54:42,0.89048,0.89064
1773,2023-05-09 00:54:43,0.890495,0.890655
1775,2023-05-09 00:54:49,0.89052,0.89068
1776,2023-05-09 00:54:52,0.89053,0.89069
1777,2023-05-09 00:54:53,0.89054,0.8907
1778,2023-05-09 00:54:59,0.89055,0.89071
1779,2023-05-09 00:55:00,0.890535,0.890695
1781,2023-05-09 00:55:01,0.89051,0.89067
1782,2023-05-09 00:55:02,0.89052,0.89068
1783,2023-05-09 00:55:05,0.890495,0.890655
1785,2023-05-09 00:55:07,0.89047,0.89063
1786,2023-05-09 00:55:09,0.8904650000000001,0.890625
1788,2023-05-09 00:55:16,0.890455,0.8906149999999999
1790,2023-05-09 00:55:17,0.89046,0.89062
1791,2023-05-09 00:55:18,0.89045,0.89061
1792,2023-05-09 00:55:19,0.89044,0.8906
1793,2023-05-09 00:55:20,0.89045,0.89061
1794,2023-05-09 00:55:23,0.8904449999999999,0.890605
1796,2023-05-09 00:55:24,0.89044,0.8906
1797,2023-05-09 00:55:27,0.89045,0.89061
1798,2023-05-09 00:55:34,0.89046,0.89062
1799,2023-05-09 00:55:35,0.89045,0.89061
1800,2023-05-09 00:55:36,0.89046,0.89062
1801,2023-05-09 00:55:38,0.89045,0.89061
1802,2023-05-09 00:55:39,0.89046,0.89062
1803,2023-05-09 00:55:41,0.89049,0.89065
1804,2023-05-09 00:55:44,0.89046,0.89062
1805,2023-05-09 00:55:47,0.89045,0.89061
1806,2023-05-09 00:55:52,0.89044,0.8906
1807,2023-05-09 00:55:54,0.89043,0.89059
1808,2023-05-09 00:55:55,0.890425,0.890585
1810,2023-05-09 00:55:57,0.89042,0.89058
1811,2023-05-09 00:55:58,0.890425,0.890585
1813,2023-05-09 00:55:59,0.890425,0.890585
1815,2023-05-09 00:56:00,0.89042,0.89058
1818,2023-05-09 00:56:02,0.8904,0.89056
1819,2023-05-09 00:56:05,0.890385,0.8905449999999999
1821,2023-05-09 00:56:10,0.89037,0.89053
1822,2023-05-09 00:56:11,0.89036,0.89052
1823,2023-05-09 00:56:12,0.890355,0.890515
1825,2023-05-09 00:56:13,0.89037,0.89053
1826,2023-05-09 00:56:15,0.890395,0.890555
1828,2023-05-09 00:56:16,0.89038,0.89054
1829,2023-05-09 00:56:18,0.89037,0.89053
1830,2023-05-09 00:56:26,0.89038,0.89054
1831,2023-05-09 00:56:33,0.8904,0.89056
1832,2023-05-09 00:56:42,0.89039,0.89055
1833,2023-05-09 00:56:43,0.8904,0.89056
1834,2023-05-09 00:56:48,0.890405,0.890565
1836,2023-05-09 00:57:00,0.8904,0.89056
1837,2023-05-09 00:57:02,0.89041,0.89057
1838,2023-05-09 00:57:03,0.890395,0.890555
1840,2023-05-09 00:57:06,0.89038,0.89054
1841,2023-05-09 00:57:20,0.89039,0.89055
1842,2023-05-09 00:57:29,0.8904,0.89056
1843,2023-05-09 00:57:34,0.89039,0.89055
1844,2023-05-09 00:57:35,0.8904,0.89056
1845,2023-05-09 00:57:38,0.89039,0.89055
1846,2023-05-09 00:57:40,0.89036,0.89052
1847,2023-05-09 00:57:41,0.89037,0.89053
1848,2023-05-09 00:57:42,0.89039,0.89055
1849,2023-05-09 00:57:43,0.89038,0.89054
1850,2023-05-09 00:57:44,0.89039,0.89055
1851,2023-05-09 00:57:47,0.89038,0.89054
1852,2023-05-09 00:58:00,0.890385,0.8905449999999999
1854,2023-05-09 00:58:11,0.89036,0.89052
1855,2023-05-09 00:58:16,0.89037,0.89053
1856,2023-05-09 00:58:20,0.89041,0.89057
1857,2023-05-09 00:58:36,0.89042,0.89058
1858,2023-05-09 00:58:42,0.89046,0.89062
1859,2023-05-09 00:58:49,0.89047,0.89063
1860,2023-05-09 00:58:50,0.89046,0.89062
1861,2023-05-09 00:58:59,0.89047,0.89063
1862,2023-05-09 00:59:00,0.89047,0.89063
1863,2023-05-09 00:59:01,0.89046,0.89062
1864,2023-05-09 00:59:05,0.89044,0.8906
1865,2023-05-09 00:59:06,0.89043,0.89059
1866,2023-05-09 00:59:07,0.89042,0.89058
1867,2023-05-09 00:59:13,0.89043,0.89059
1868,2023-05-09 00:59:23,0.89042,0.89058
1869,2023-05-09 00:59:24,0.89043,0.89059
1870,2023-05-09 00:59:34,0.89045,0.89061
1871,2023-05-09 00:59:35,0.89044,0.8906
1872,2023-05-09 00:59:37,0.89044,0.8906
1875,2023-05-09 00:59:46,0.89046,0.89062
1876,2023-05-09 01:00:00,0.89046,0.89062
1877,2023-05-09 01:00:01,0.89045,0.89061
1878,2023-05-09 01:00:12,0.89047,0.89063
1879,2023-05-09 01:00:14,0.89045,0.89061
1880,2023-05-09 01:00:16,0.89044,0.8906
1881,2023-05-09 01:00:18,0.890425,0.890585
1883,2023-05-09 01:00:19,0.89042,0.89058
1886,2023-05-09 01:00:20,0.890425,0.890585
1888,2023-05-09 01:00:35,0.89041,0.89057
1889,2023-05-09 01:00:37,0.89042,0.89058
1890,2023-05-09 01:00:50,0.89043,0.89059
1893,2023-05-09 01:00:51,0.890425,0.890585
1895,2023-05-09 01:00:52,0.890425,0.890585
1897,2023-05-09 01:00:53,0.89044,0.8906
1898,2023-05-09 01:00:55,0.89045,0.89061
1899,2023-05-09 01:01:00,0.89045,0.89061
1900,2023-05-09 01:01:02,0.89047,0.89063
1901,2023-05-09 01:01:04,0.8905,0.89066
1902,2023-05-09 01:01:05,0.890495,0.890655
1904,2023-05-09 01:01:07,0.89049,0.89065
1905,2023-05-09 01:01:10,0.890495,0.890655
1907,2023-05-09 01:01:16,0.890515,0.890675
1909,2023-05-09 01:01:18,0.89053,0.89069
1910,2023-05-09 01:01:19,0.89054,0.8907
1911,2023-05-09 01:01:20,0.89055,0.89071
1912,2023-05-09 01:01:23,0.89054,0.8907
1913,2023-05-09 01:01:31,0.89052,0.89068
1916,2023-05-09 01:01:33,0.89053,0.89069
1917,2023-05-09 01:01:42,0.89052,0.89068
1918,2023-05-09 01:01:45,0.89053,0.89069
1919,2023-05-09 01:01:49,0.89051,0.89067
1922,2023-05-09 01:01:50,0.89051,0.89067
1925,2023-05-09 01:01:52,0.89049,0.89065
1926,2023-05-09 01:01:59,0.8904700000000001,0.89063
1928,2023-05-09 01:02:00,0.89046,0.89062
1931,2023-05-09 01:02:01,0.89042,0.89058
1932,2023-05-09 01:02:02,0.890425,0.890585
1934,2023-05-09 01:02:13,0.89043,0.89059
1935,2023-05-09 01:02:20,0.8904449999999999,0.890605
1937,2023-05-09 01:02:21,0.89043,0.89059
1938,2023-05-09 01:02:43,0.890425,0.890585
1940,2023-05-09 01:02:44,0.890425,0.890585
1942,2023-05-09 01:02:46,0.89042,0.89058
1943,2023-05-09 01:02:47,0.890425,0.890585
1945,2023-05-09 01:02:48,0.890425,0.890585
1947,2023-05-09 01:02:49,0.89043,0.89059
1948,2023-05-09 01:02:50,0.890425,0.890585
1950,2023-05-09 01:02:55,0.890425,0.890585
1952,2023-05-09 01:02:56,0.890425,0.890585
1954,2023-05-09 01:02:57,0.890425,0.890585
1956,2023-05-09 01:02:58,0.890425,0.890585
1958,2023-05-09 01:03:00,0.89043,0.89059
1959,2023-05-09 01:03:03,0.890415,0.890575
1961,2023-05-09 01:03:06,0.89041,0.89057
1962,2023-05-09 01:03:17,0.890405,0.890565
1964,2023-05-09 01:03:19,0.89038,0.89054
1965,2023-05-09 01:03:20,0.8903749999999999,0.8905350000000001
1967,2023-05-09 01:03:21,0.89039,0.89055
1970,2023-05-09 01:03:23,0.89038,0.89054
1971,2023-05-09 01:03:25,0.8903749999999999,0.8905350000000001
1973,2023-05-09 01:03:26,0.89037,0.89053
1976,2023-05-09 01:03:29,0.8903749999999999,0.8905350000000001
1978,2023-05-09 01:03:31,0.890355,0.890515
1980,2023-05-09 01:03:33,0.89037,0.89053
1981,2023-05-09 01:03:37,0.8903449999999999,0.890505
1983,2023-05-09 01:03:38,0.89034,0.8905
1984,2023-05-09 01:03:42,0.890335,0.890495
1986,2023-05-09 01:03:46,0.890335,0.890495
1988,2023-05-09 01:03:47,0.89036,0.89052
1989,2023-05-09 01:03:52,0.89037,0.89053
1990,2023-05-09 01:04:00,0.89037,0.89053
1991,2023-05-09 01:04:03,0.89038,0.89054
1992,2023-05-09 01:04:05,0.8903749999999999,0.8905350000000001
1994,2023-05-09 01:04:06,0.89037,0.89053
1995,2023-05-09 01:04:08,0.89038,0.89054
1996,2023-05-09 01:04:09,0.89037,0.89053
1997,2023-05-09 01:04:10,0.89036,0.89052
1998,2023-05-09 01:04:11,0.89037,0.89053
1999,2023-05-09 01:04:13,0.89036,0.89052
2000,2023-05-09 01:04:16,0.89037,0.89053
2001,2023-05-09 01:04:24,0.89038,0.89054
2002,2023-05-09 01:04:25,0.8903749999999999,0.8905350000000001
2004,2023-05-09 01:04:26,0.89037,0.89053
2005,2023-05-09 01:04:32,0.89038,0.89054
2006,2023-05-09 01:04:38,0.89037,0.89053
2007,2023-05-09 01:04:39,0.89034,0.8905
2008,2023-05-09 01:04:42,0.89033,0.89049
2009,2023-05-09 01:04:46,0.890335,0.890495
2011,2023-05-09 01:04:49,0.89034,0.8905
2012,2023-05-09 01:04:50,0.89033,0.89049
2013,2023-05-09 01:04:51,0.89032,0.89048
2014,2023-05-09 01:04:52,0.89033,0.89049
2015,2023-05-09 01:05:00,0.89033,0.89049
2016,2023-05-09 01:05:08,0.89034,0.8905
2017,2023-05-09 01:05:09,0.89033,0.89049
2018,2023-05-09 01:05:20,0.89032,0.89048
2019,2023-05-09 01:05:30,0.89033,0.89049
2020,2023-05-09 01:05:38,0.89032,0.89048
2021,2023-05-09 01:05:39,0.89033,0.89049
2022,2023-05-09 01:05:43,0.89028,0.89044
2023,2023-05-09 01:05:44,0.89027,0.89043
2024,2023-05-09 01:05:45,0.89028,0.89044
2025,2023-05-09 01:05:46,0.89029,0.89045
2026,2023-05-09 01:06:00,0.8903,0.89046
2027,2023-05-09 01:06:02,0.8902950000000001,0.890455
2029,2023-05-09 01:06:03,0.890305,0.8904650000000001
2031,2023-05-09 01:06:04,0.89033,0.89049
2032,2023-05-09 01:06:20,0.89032,0.89048
2033,2023-05-09 01:06:26,0.890325,0.890485
2035,2023-05-09 01:06:28,0.8903,0.89046
2038,2023-05-09 01:06:29,0.890285,0.8904449999999999
2040,2023-05-09 01:06:33,0.89027,0.89043
2041,2023-05-09 01:06:37,0.8903,0.89046
2042,2023-05-09 01:06:38,0.89028,0.89044
2043,2023-05-09 01:06:42,0.89029,0.89045
2044,2023-05-09 01:06:48,0.89028,0.89044
2045,2023-05-09 01:06:53,0.890285,0.8904449999999999
2047,2023-05-09 01:06:54,0.89029,0.89045
2048,2023-05-09 01:07:00,0.8903,0.89046
2049,2023-05-09 01:07:02,0.89029,0.89045
2050,2023-05-09 01:07:06,0.8903,0.89046
2051,2023-05-09 01:07:14,0.890315,0.890475
2053,2023-05-09 01:07:15,0.8903,0.89046
2054,2023-05-09 01:07:24,0.89027,0.89043
2055,2023-05-09 01:07:25,0.89028,0.89044
2056,2023-05-09 01:07:45,0.8902950000000001,0.890455
2058,2023-05-09 01:07:46,0.8902950000000001,0.890455
2060,2023-05-09 01:07:47,0.8903,0.89046
2061,2023-05-09 01:07:48,0.89029,0.89045
2064,2023-05-09 01:07:50,0.89028,0.89044
2065,2023-05-09 01:07:54,0.8902950000000001,0.890455
2067,2023-05-09 01:07:57,0.89029,0.89045
2068,2023-05-09 01:07:58,0.8903,0.89046
2069,2023-05-09 01:07:59,0.8902950000000001,0.890455
2071,2023-05-09 01:08:00,0.8902950000000001,0.890455
2073,2023-05-09 01:08:01,0.8903,0.89046
2074,2023-05-09 01:08:02,0.89029,0.89045
2077,2023-05-09 01:08:14,0.8903,0.89046
2078,2023-05-09 01:08:15,0.8902950000000001,0.890455
2080,2023-05-09 01:08:20,0.89029,0.89045
2081,2023-05-09 01:08:23,0.89028,0.89044
2082,2023-05-09 01:08:24,0.89029,0.89045
2083,2023-05-09 01:08:28,0.89027,0.89043
2084,2023-05-09 01:08:30,0.890255,0.890415
2086,2023-05-09 01:08:38,0.89022,0.89038
2087,2023-05-09 01:08:42,0.89021,0.89037
2088,2023-05-09 01:08:43,0.89023,0.89039
2089,2023-05-09 01:09:00,0.89023,0.89039
2090,2023-05-09 01:09:06,0.89021,0.89037
2091,2023-05-09 01:09:08,0.89022,0.89038
2092,2023-05-09 01:09:09,0.89021,0.89037
2093,2023-05-09 01:09:10,0.89019,0.89035
2094,2023-05-09 01:09:19,0.8902,0.89036
2095,2023-05-09 01:09:31,0.89022,0.89038
2096,2023-05-09 01:09:34,0.8902,0.89036
2097,2023-05-09 01:09:36,0.89022,0.89038
2098,2023-05-09 01:09:38,0.89021,0.89037
2099,2023-05-09 01:09:40,0.89023,0.89039
2100,2023-05-09 01:09:41,0.89022,0.89038
2101,2023-05-09 01:09:49,0.89023,0.89039
2102,2023-05-09 01:09:52,0.89022,0.89038
2103,2023-05-09 01:09:58,0.89019,0.89035
2104,2023-05-09 01:09:59,0.89018,0.89034
2105,2023-05-09 01:10:00,0.89018,0.89034
2106,2023-05-09 01:10:02,0.890165,0.890325
2108,2023-05-09 01:10:20,0.89018,0.89034
2109,2023-05-09 01:10:21,0.89017,0.89033
2110,2023-05-09 01:10:22,0.89018,0.89034
2111,2023-05-09 01:10:23,0.89019,0.89035
2112,2023-05-09 01:10:24,0.89018,0.89034
2113,2023-05-09 01:10:34,0.89019,0.89035
2114,2023-05-09 01:10:42,0.89017,0.89033
2115,2023-05-09 01:10:50,0.89015,0.89031
2116,2023-05-09 01:10:52,0.89014,0.8903
2117,2023-05-09 01:10:56,0.8901399999999999,0.8903000000000001
2119,2023-05-09 01:10:57,0.89014,0.8903
2120,2023-05-09 01:10:58,0.89013,0.89029
2121,2023-05-09 01:10:59,0.89014,0.8903
2122,2023-05-09 01:11:00,0.89014,0.8903
2123,2023-05-09 01:11:02,0.89013,0.89029
2124,2023-05-09 01:11:06,0.89014,0.8903
2125,2023-05-09 01:11:08,0.8901,0.89026
2126,2023-05-09 01:11:10,0.89011,0.89027
2127,2023-05-09 01:11:11,0.89012,0.89028
2128,2023-05-09 01:11:20,0.89011,0.89027
2129,2023-05-09 01:11:21,0.8901,0.89026
2130,2023-05-09 01:11:28,0.89009,0.89025
2131,2023-05-09 01:11:32,0.8901,0.89026
2132,2023-05-09 01:11:34,0.89009,0.89025
2133,2023-05-09 01:11:43,0.8901,0.89026
2134,2023-05-09 01:11:49,0.890115,0.8902749999999999
2136,2023-05-09 01:11:50,0.8901049999999999,0.8902650000000001
2138,2023-05-09 01:11:54,0.89011,0.89027
2139,2023-05-09 01:12:00,0.89011,0.89027
2140,2023-05-09 01:12:04,0.8901,0.89026
2141,2023-05-09 01:12:07,0.89008,0.89024
2142,2023-05-09 01:12:11,0.89012,0.89028
2143,2023-05-09 01:12:21,0.89011,0.89027
2144,2023-05-09 01:12:24,0.8901,0.89026
2145,2023-05-09 01:12:26,0.89011,0.89027
2146,2023-05-09 01:12:27,0.8901,0.89026
2147,2023-05-09 01:13:00,0.8901,0.89026
2148,2023-05-09 01:13:06,0.89009,0.89025
2149,2023-05-09 01:13:07,0.8901,0.89026
2150,2023-05-09 01:13:21,0.89009,0.89025
2151,2023-05-09 01:13:24,0.89008,0.89024
2152,2023-05-09 01:13:28,0.89009,0.89025
2153,2023-05-09 01:13:32,0.890075,0.890235
2155,2023-05-09 01:13:37,0.89006,0.89022
2156,2023-05-09 01:14:00,0.89006,0.89022
2157,2023-05-09 01:14:01,0.890055,0.890215
2159,2023-05-09 01:14:04,0.89007,0.89023
2160,2023-05-09 01:14:05,0.890045,0.8902049999999999
2162,2023-05-09 01:14:07,0.89003,0.89019
2163,2023-05-09 01:14:13,0.89002,0.89018
2164,2023-05-09 01:14:16,0.89001,0.89017
2165,2023-05-09 01:14:18,0.89002,0.89018
2166,2023-05-09 01:14:20,0.89003,0.89019
2167,2023-05-09 01:14:22,0.89002,0.89018
2168,2023-05-09 01:14:23,0.89003,0.89019
2169,2023-05-09 01:14:25,0.89004,0.8902
2170,2023-05-09 01:14:34,0.89002,0.89018
2171,2023-05-09 01:14:35,0.89001,0.89017
2172,2023-05-09 01:14:37,0.89002,0.89018
2173,2023-05-09 01:14:39,0.89003,0.89019
2174,2023-05-09 01:14:45,0.8900250000000001,0.890185
2176,2023-05-09 01:14:48,0.89001,0.89017
2177,2023-05-09 01:14:49,0.89002,0.89018
2178,2023-05-09 01:14:56,0.89004,0.8902
2179,2023-05-09 01:15:00,0.89004,0.8902
2180,2023-05-09 01:15:03,0.89003,0.89019
2181,2023-05-09 01:15:04,0.89002,0.89018
2182,2023-05-09 01:15:06,0.889975,0.890135
2184,2023-05-09 01:15:07,0.88998,0.89014
2185,2023-05-09 01:15:13,0.88997,0.89013
2186,2023-05-09 01:15:14,0.88996,0.89012
2187,2023-05-09 01:15:15,0.88995,0.89011
2188,2023-05-09 01:15:17,0.88997,0.89013
2189,2023-05-09 01:15:21,0.88998,0.89014
2190,2023-05-09 01:15:22,0.88999,0.89015
2191,2023-05-09 01:15:31,0.88998,0.89014
2192,2023-05-09 01:15:41,0.89001,0.8901699999999999
2194,2023-05-09 01:15:43,0.89003,0.89019
2195,2023-05-09 01:15:44,0.89002,0.89018
2196,2023-05-09 01:15:45,0.89001,0.89017
2197,2023-05-09 01:15:50,0.89,0.89016
2198,2023-05-09 01:15:52,0.889985,0.890145
2200,2023-05-09 01:15:54,0.88997,0.89013
2201,2023-05-09 01:15:55,0.889995,0.890155
2203,2023-05-09 01:15:56,0.890035,0.8901950000000001
2205,2023-05-09 01:16:00,0.890035,0.8901950000000001
2207,2023-05-09 01:16:03,0.89005,0.89021
2208,2023-05-09 01:16:05,0.89004,0.8902
2209,2023-05-09 01:16:11,0.89003,0.89019
2210,2023-05-09 01:16:21,0.89004,0.8902
2211,2023-05-09 01:16:27,0.89005,0.89021
2212,2023-05-09 01:16:32,0.89004,0.8902
2213,2023-05-09 01:16:39,0.89005,0.89021
2214,2023-05-09 01:16:43,0.89006,0.89022
2215,2023-05-09 01:16:44,0.89005,0.89021
2216,2023-05-09 01:16:47,0.89006,0.89022
2217,2023-05-09 01:16:50,0.89005,0.89021
2218,2023-05-09 01:16:57,0.89006,0.89022
2219,2023-05-09 01:17:00,0.890055,0.890215
2221,2023-05-09 01:17:10,0.89004,0.8902
2222,2023-05-09 01:17:14,0.89005,0.89021
2223,2023-05-09 01:17:19,0.89006,0.89022
2224,2023-05-09 01:17:20,0.890055,0.890215
2226,2023-05-09 01:17:21,0.8900600000000001,0.89022
2228,2023-05-09 01:17:22,0.89006,0.89022
2229,2023-05-09 01:17:32,0.89007,0.89023
2230,2023-05-09 01:17:53,0.89006,0.89022
2231,2023-05-09 01:18:00,0.89006,0.89022
2232,2023-05-09 01:18:01,0.89004,0.8902
2233,2023-05-09 01:18:06,0.89005,0.89021
2234,2023-05-09 01:18:08,0.89004,0.8902
2235,2023-05-09 01:18:09,0.89007,0.89023
2236,2023-05-09 01:18:17,0.89005,0.89021
2237,2023-05-09 01:18:18,0.89004,0.8902
2238,2023-05-09 01:18:19,0.89005,0.89021
2239,2023-05-09 01:18:26,0.890045,0.8902049999999999
2241,2023-05-09 01:18:29,0.89004,0.8902
2242,2023-05-09 01:18:39,0.89005,0.89021
2243,2023-05-09 01:18:40,0.89006,0.89022
2244,2023-05-09 01:18:42,0.890055,0.890215
2246,2023-05-09 01:18:43,0.890055,0.890215
2248,2023-05-09 01:18:44,0.89005,0.89021
2249,2023-05-09 01:18:59,0.89006,0.89022
2250,2023-05-09 01:19:00,0.890065,0.890225
2252,2023-05-09 01:19:10,0.890065,0.890225
2254,2023-05-09 01:19:15,0.89006,0.89022
2255,2023-05-09 01:19:18,0.89007,0.89023
2256,2023-05-09 01:19:30,0.890075,0.890235
2258,2023-05-09 01:19:37,0.89008,0.89024
2259,2023-05-09 01:19:47,0.89012,0.89028
2261,2023-05-09 01:19:48,0.89015,0.89031
2262,2023-05-09 01:19:49,0.89016,0.89032
2263,2023-05-09 01:19:52,0.890155,0.890315
2265,2023-05-09 01:19:54,0.89015,0.89031
2266,2023-05-09 01:19:58,0.89016,0.89032
2267,2023-05-09 01:20:00,0.89016,0.89032
2268,2023-05-09 01:20:03,0.890215,0.8903749999999999
2270,2023-05-09 01:20:04,0.89025,0.89041
2273,2023-05-09 01:20:11,0.89026,0.89042
2274,2023-05-09 01:20:12,0.89025,0.89041
2277,2023-05-09 01:20:14,0.89023,0.89039
2278,2023-05-09 01:20:15,0.89024,0.8904
2279,2023-05-09 01:20:17,0.890225,0.890385
2281,2023-05-09 01:20:20,0.89024,0.8904
2282,2023-05-09 01:20:25,0.89025,0.89041
2283,2023-05-09 01:20:26,0.89026,0.89042
2284,2023-05-09 01:20:27,0.89025,0.89041
2287,2023-05-09 01:20:30,0.89027,0.89043
2288,2023-05-09 01:20:31,0.89026,0.89042
2290,2023-05-09 01:20:33,0.89029,0.89045
2291,2023-05-09 01:20:34,0.890305,0.8904650000000001
2293,2023-05-09 01:20:41,0.89032,0.89048
2294,2023-05-09 01:20:42,0.89031,0.89047
2295,2023-05-09 01:20:49,0.89029,0.89045
2296,2023-05-09 01:21:00,0.89027,0.89043
2298,2023-05-09 01:21:06,0.890255,0.890415
2300,2023-05-09 01:21:07,0.890255,0.890415
2302,2023-05-09 01:21:08,0.89029,0.89045
2305,2023-05-09 01:21:09,0.89029,0.89045
2306,2023-05-09 01:21:10,0.8902950000000001,0.890455
2308,2023-05-09 01:21:13,0.8903,0.89046
2309,2023-05-09 01:21:14,0.8902950000000001,0.890455
2311,2023-05-09 01:21:15,0.89032,0.89048
2312,2023-05-09 01:21:24,0.89028,0.89044
2313,2023-05-09 01:21:27,0.89029,0.89045
2314,2023-05-09 01:21:28,0.89028,0.89044
2315,2023-05-09 01:21:34,0.89026,0.89042
2316,2023-05-09 01:21:43,0.89027,0.89043
2317,2023-05-09 01:21:49,0.8902749999999999,0.8904350000000001
2319,2023-05-09 01:21:51,0.89028,0.89044
2320,2023-05-09 01:21:56,0.89029,0.89045
2321,2023-05-09 01:21:57,0.89028,0.89044
2322,2023-05-09 01:21:58,0.89027,0.89043
2323,2023-05-09 01:22:00,0.8902749999999999,0.8904350000000001
2325,2023-05-09 01:22:02,0.89027,0.89043
2326,2023-05-09 01:22:04,0.89025,0.89041
2327,2023-05-09 01:22:05,0.89026,0.89042
2328,2023-05-09 01:22:10,0.89027,0.89043
2329,2023-05-09 01:22:11,0.89025,0.89041
2330,2023-05-09 01:22:12,0.89024,0.8904
2331,2023-05-09 01:22:13,0.890245,0.890405
2333,2023-05-09 01:22:14,0.890245,0.890405
2335,2023-05-09 01:22:15,0.89025,0.89041
2336,2023-05-09 01:22:16,0.89026,0.89042
2337,2023-05-09 01:22:22,0.89025,0.89041
2338,2023-05-09 01:22:23,0.89026,0.89042
2339,2023-05-09 01:22:24,0.89025,0.89041
2340,2023-05-09 01:22:27,0.89024,0.8904
2341,2023-05-09 01:22:30,0.890215,0.8903749999999999
2343,2023-05-09 01:22:31,0.89023,0.89039
2344,2023-05-09 01:22:32,0.89022,0.89038
2345,2023-05-09 01:22:35,0.89021,0.89037
2348,2023-05-09 01:22:36,0.89022,0.89038
2349,2023-05-09 01:22:40,0.890215,0.8903749999999999
2351,2023-05-09 01:22:41,0.890215,0.8903749999999999
2353,2023-05-09 01:22:42,0.890215,0.8903749999999999
2355,2023-05-09 01:22:44,0.89021,0.89037
2356,2023-05-09 01:22:45,0.8902,0.89036
2357,2023-05-09 01:22:47,0.89022,0.89038
2358,2023-05-09 01:22:48,0.8902,0.89036
2359,2023-05-09 01:22:58,0.89022,0.89038
2360,2023-05-09 01:23:00,0.89022,0.89038
2361,2023-05-09 01:23:06,0.89023,0.89039
2362,2023-05-09 01:23:07,0.89022,0.89038
2363,2023-05-09 01:23:12,0.89023,0.89039
2364,2023-05-09 01:23:16,0.890215,0.8903749999999999
2366,2023-05-09 01:23:17,0.8902,0.89036
2367,2023-05-09 01:23:18,0.89021,0.89037
2368,2023-05-09 01:23:19,0.8901950000000001,0.890355
2370,2023-05-09 01:23:20,0.89018,0.89034
2371,2023-05-09 01:23:21,0.89019,0.89035
2372,2023-05-09 01:23:32,0.8902,0.89036
2373,2023-05-09 01:23:38,0.89019,0.89035
2374,2023-05-09 01:23:41,0.8902,0.89036
2375,2023-05-09 01:23:49,0.89021,0.89037
2376,2023-05-09 01:23:50,0.89021,0.89037
2378,2023-05-09 01:23:52,0.89021,0.89037
2379,2023-05-09 01:23:53,0.8902049999999999,0.8903650000000001
2381,2023-05-09 01:23:54,0.8902049999999999,0.8903650000000001
2383,2023-05-09 01:23:55,0.8902,0.89036
2384,2023-05-09 01:23:56,0.89021,0.89037
2385,2023-05-09 01:23:57,0.8902049999999999,0.8903650000000001
2387,2023-05-09 01:23:58,0.8902049999999999,0.8903650000000001
2389,2023-05-09 01:23:59,0.8902049999999999,0.8903650000000001
2391,2023-05-09 01:24:00,0.8902049999999999,0.8903650000000001
2393,2023-05-09 01:24:01,0.89022,0.89038
2394,2023-05-09 01:24:02,0.890215,0.8903749999999999
2396,2023-05-09 01:24:03,0.890215,0.8903749999999999
2398,2023-05-09 01:24:04,0.890215,0.8903749999999999
2400,2023-05-09 01:24:06,0.89021,0.89037
2401,2023-05-09 01:24:07,0.8902,0.89036
2402,2023-05-09 01:24:22,0.8901950000000001,0.890355
2404,2023-05-09 01:24:34,0.89019,0.89035
2405,2023-05-09 01:24:35,0.8902,0.89036
2406,2023-05-09 01:24:37,0.890185,0.8903449999999999
2408,2023-05-09 01:24:41,0.8902,0.89036
2409,2023-05-09 01:24:45,0.89023,0.89039
2410,2023-05-09 01:24:47,0.89024,0.8904
2411,2023-05-09 01:24:48,0.89026,0.89042
2412,2023-05-09 01:24:50,0.89024,0.8904
2413,2023-05-09 01:25:00,0.89024,0.8904
2414,2023-05-09 01:25:01,0.89022,0.89038
2415,2023-05-09 01:25:02,0.89023,0.89039
2416,2023-05-09 01:25:08,0.89021,0.89037
2417,2023-05-09 01:25:09,0.8902,0.89036
2420,2023-05-09 01:25:10,0.89019,0.89035
2421,2023-05-09 01:25:11,0.8902,0.89036
2422,2023-05-09 01:25:14,0.89019,0.89035
2423,2023-05-09 01:25:15,0.89017,0.89033
2424,2023-05-09 01:25:16,0.89015,0.89031
2425,2023-05-09 01:25:19,0.89016,0.89032
2426,2023-05-09 01:25:27,0.890165,0.890325
2428,2023-05-09 01:25:36,0.89018,0.89034
2429,2023-05-09 01:25:48,0.890165,0.890325
2431,2023-05-09 01:25:49,0.89016,0.89032
2432,2023-05-09 01:25:50,0.89015,0.89031
2433,2023-05-09 01:25:52,0.89014,0.8903
2434,2023-05-09 01:25:54,0.89015,0.89031
2435,2023-05-09 01:25:58,0.89016,0.89032
2436,2023-05-09 01:26:00,0.89016,0.89032
2437,2023-05-09 01:26:01,0.89015,0.89031
2438,2023-05-09 01:26:02,0.89014,0.8903
2439,2023-05-09 01:26:03,0.89015,0.89031
2440,2023-05-09 01:26:16,0.89014,0.8903
2441,2023-05-09 01:26:17,0.89015,0.89031
2442,2023-05-09 01:26:21,0.89017,0.89033
2443,2023-05-09 01:26:23,0.89018,0.89034
2444,2023-05-09 01:26:32,0.89019,0.89035
2445,2023-05-09 01:26:33,0.89018,0.89034
2446,2023-05-09 01:26:39,0.890185,0.8903449999999999
2448,2023-05-09 01:26:53,0.89016,0.89032
2449,2023-05-09 01:26:54,0.89017,0.89033
2450,2023-05-09 01:26:55,0.89016,0.89032
2451,2023-05-09 01:27:00,0.89017,0.89033
2452,2023-05-09 01:27:03,0.89016,0.89032
2453,2023-05-09 01:27:04,0.89015,0.89031
2454,2023-05-09 01:27:09,0.89014,0.8903
2455,2023-05-09 01:27:33,0.89017,0.89033
2456,2023-05-09 01:27:44,0.89015,0.89031
2457,2023-05-09 01:27:47,0.89016,0.89032
2458,2023-05-09 01:27:48,0.89015,0.89031
2459,2023-05-09 01:28:00,0.89015,0.89031
2460,2023-05-09 01:28:17,0.890165,0.890325
2462,2023-05-09 01:28:22,0.89016,0.89032
2463,2023-05-09 01:28:27,0.89015,0.89031
2464,2023-05-09 01:28:28,0.89013,0.89029
2465,2023-05-09 01:28:30,0.89015,0.89031
2466,2023-05-09 01:28:33,0.89016,0.89032
2467,2023-05-09 01:28:42,0.89017,0.89033
2468,2023-05-09 01:28:44,0.89016,0.89032
2469,2023-05-09 01:28:55,0.89017,0.89033
2470,2023-05-09 01:28:58,0.89016,0.89032
2471,2023-05-09 01:29:00,0.89016,0.89032
2472,2023-05-09 01:29:13,0.89017,0.89033
2473,2023-05-09 01:29:23,0.89016,0.89032
2474,2023-05-09 01:29:24,0.89015,0.89031
2475,2023-05-09 01:29:26,0.89014,0.8903
2476,2023-05-09 01:29:47,0.89015,0.89031
2477,2023-05-09 01:29:49,0.89016,0.89032
2478,2023-05-09 01:29:50,0.89017,0.89033
2479,2023-05-09 01:29:56,0.89019,0.89035
2480,2023-05-09 01:29:57,0.8902,0.89036
2481,2023-05-09 01:30:00,0.8902,0.89036
2482,2023-05-09 01:30:01,0.89019,0.89035
2483,2023-05-09 01:30:02,0.8902,0.89036
2484,2023-05-09 01:30:04,0.89019,0.89035
2485,2023-05-09 01:30:05,0.89018,0.89034
2486,2023-05-09 01:30:08,0.89016,0.89032
2487,2023-05-09 01:30:09,0.890155,0.890315
2489,2023-05-09 01:30:10,0.89015,0.89031
2492,2023-05-09 01:30:14,0.89014,0.8903
2493,2023-05-09 01:30:17,0.89015,0.89031
2494,2023-05-09 01:30:19,0.89014,0.8903
2495,2023-05-09 01:30:33,0.89015,0.89031
2496,2023-05-09 01:30:37,0.89014,0.8903
2497,2023-05-09 01:30:38,0.890145,0.890305
2499,2023-05-09 01:30:39,0.89015,0.89031
2500,2023-05-09 01:30:40,0.89014,0.8903
2501,2023-05-09 01:30:47,0.8901,0.89026
2502,2023-05-09 01:30:48,0.89012,0.89028
2503,2023-05-09 01:30:56,0.89009,0.89025
2504,2023-05-09 01:31:00,0.89009,0.89025
2505,2023-05-09 01:31:05,0.8901,0.89026
2506,2023-05-09 01:31:06,0.890085,0.890245
2510,2023-05-09 01:31:11,0.89009,0.89025
2511,2023-05-09 01:31:12,0.89008,0.89024
2512,2023-05-09 01:31:16,0.89009,0.89025
2513,2023-05-09 01:31:19,0.8901,0.89026
2514,2023-05-09 01:31:22,0.89011,0.89027
2515,2023-05-09 01:31:27,0.8901,0.89026
2516,2023-05-09 01:31:38,0.89011,0.89027
2517,2023-05-09 01:31:56,0.89012,0.89028
2518,2023-05-09 01:31:59,0.89009,0.89025
2519,2023-05-09 01:32:00,0.89009,0.89025
2520,2023-05-09 01:32:01,0.89007,0.89023
2521,2023-05-09 01:32:02,0.89009,0.89025
2522,2023-05-09 01:32:07,0.89008,0.89024
2523,2023-05-09 01:32:11,0.89009,0.89025
2524,2023-05-09 01:32:16,0.8901,0.89026
2525,2023-05-09 01:32:19,0.89011,0.89027
2526,2023-05-09 01:32:26,0.89012,0.89028
2527,2023-05-09 01:32:42,0.89013,0.89029
2528,2023-05-09 01:32:52,0.89015,0.89031
2529,2023-05-09 01:33:00,0.89016,0.89032
2532,2023-05-09 01:33:01,0.8901399999999999,0.8903000000000001
2534,2023-05-09 01:33:02,0.89012,0.89028
2535,2023-05-09 01:33:03,0.89011,0.89027
2536,2023-05-09 01:33:07,0.89009,0.89025
2537,2023-05-09 01:33:10,0.89008,0.89024
2538,2023-05-09 01:33:20,0.89005,0.89021
2539,2023-05-09 01:33:21,0.89007,0.89023
2540,2023-05-09 01:33:24,0.89008,0.89024
2541,2023-05-09 01:33:31,0.89006,0.89022
2542,2023-05-09 01:33:36,0.89007,0.89023
2543,2023-05-09 01:33:47,0.89006,0.89022
2544,2023-05-09 01:33:48,0.89007,0.89023
2545,2023-05-09 01:33:56,0.8901,0.89026
2546,2023-05-09 01:33:57,0.89007,0.89023
2547,2023-05-09 01:33:58,0.89009,0.89025
2550,2023-05-09 01:34:00,0.89007,0.89023
2551,2023-05-09 01:34:15,0.89006,0.89022
2552,2023-05-09 01:34:16,0.89005,0.89021
2553,2023-05-09 01:34:24,0.89007,0.89023
2554,2023-05-09 01:34:25,0.89006,0.89022
2555,2023-05-09 01:34:28,0.89008,0.8902399999999999
2557,2023-05-09 01:34:37,0.8901,0.89026
2558,2023-05-09 01:34:41,0.890115,0.8902749999999999
2560,2023-05-09 01:34:43,0.89011,0.89027
2561,2023-05-09 01:34:47,0.8901,0.89026
2564,2023-05-09 01:34:48,0.8900950000000001,0.890255
2566,2023-05-09 01:34:49,0.890115,0.8902749999999999
2568,2023-05-09 01:34:50,0.89011,0.89027
2569,2023-05-09 01:35:00,0.8901,0.89026
2571,2023-05-09 01:35:01,0.89011,0.89027
2572,2023-05-09 01:35:03,0.89012,0.89028
2573,2023-05-09 01:35:33,0.89011,0.89027
2575,2023-05-09 01:35:34,0.89007,0.89023
2578,2023-05-09 01:35:35,0.89007,0.89023
2581,2023-05-09 01:35:41,0.89006,0.89022
2582,2023-05-09 01:35:46,0.89007,0.89023
2583,2023-05-09 01:36:00,0.89005,0.89021
2584,2023-05-09 01:36:07,0.8900600000000001,0.89022
2586,2023-05-09 01:36:11,0.89004,0.8902
2587,2023-05-09 01:36:26,0.89006,0.89022
2588,2023-05-09 01:36:27,0.89007,0.89023
2589,2023-05-09 01:36:31,0.89006,0.89022
2590,2023-05-09 01:36:42,0.89007,0.89023
2591,2023-05-09 01:36:43,0.890085,0.890245
2593,2023-05-09 01:36:44,0.89008,0.89024
2594,2023-05-09 01:36:58,0.89007,0.89023
2597,2023-05-09 01:37:00,0.89008,0.89024
2598,2023-05-09 01:37:01,0.89007,0.89023
2599,2023-05-09 01:37:02,0.89008,0.89024
2600,2023-05-09 01:37:06,0.89007,0.89023
2601,2023-05-09 01:37:11,0.89008,0.89024
2602,2023-05-09 01:37:13,0.89011,0.89027
2603,2023-05-09 01:37:17,0.89012,0.89028
2604,2023-05-09 01:37:18,0.890165,0.890325
2606,2023-05-09 01:37:21,0.89017,0.89033
2607,2023-05-09 01:37:22,0.89016,0.89032
2608,2023-05-09 01:37:23,0.89017,0.89033
2609,2023-05-09 01:37:24,0.89016,0.89032
2610,2023-05-09 01:37:28,0.890165,0.890325
2612,2023-05-09 01:37:30,0.89014,0.8903
2613,2023-05-09 01:37:31,0.890155,0.890315
2615,2023-05-09 01:37:35,0.890165,0.890325
2617,2023-05-09 01:37:36,0.89017,0.89033
2618,2023-05-09 01:37:37,0.890165,0.890325
2620,2023-05-09 01:37:38,0.890165,0.890325
2622,2023-05-09 01:37:39,0.89016,0.89032
2623,2023-05-09 01:37:47,0.89012,0.89028
2624,2023-05-09 01:37:51,0.89011,0.89027
2625,2023-05-09 01:37:59,0.89009,0.89025
2626,2023-05-09 01:38:00,0.89009,0.89025
2627,2023-05-09 01:38:05,0.89011,0.89027
2628,2023-05-09 01:38:06,0.8901,0.89026
2629,2023-05-09 01:38:07,0.89009,0.89025
2630,2023-05-09 01:38:08,0.89008,0.89024
2631,2023-05-09 01:38:10,0.890045,0.8902049999999999
2633,2023-05-09 01:38:11,0.890045,0.8902049999999999
2637,2023-05-09 01:38:12,0.890045,0.8902049999999999
2639,2023-05-09 01:38:13,0.890045,0.8902049999999999
2641,2023-05-09 01:38:14,0.89005,0.89021
2642,2023-05-09 01:38:15,0.89004,0.8902
2643,2023-05-09 01:38:17,0.89007,0.89023
2644,2023-05-09 01:38:19,0.89005,0.89021
2645,2023-05-09 01:38:20,0.89007,0.89023
2646,2023-05-09 01:38:38,0.89008,0.89024
2647,2023-05-09 01:38:40,0.89009,0.89025
2648,2023-05-09 01:38:43,0.89011,0.89027
2649,2023-05-09 01:38:45,0.8901,0.89026
2650,2023-05-09 01:38:49,0.89011,0.89027
2651,2023-05-09 01:38:51,0.8901,0.89026
2652,2023-05-09 01:38:57,0.89009,0.89025
2653,2023-05-09 01:38:58,0.89008,0.89024
2654,2023-05-09 01:38:59,0.89007,0.89023
2655,2023-05-09 01:39:00,0.89007,0.89023
2656,2023-05-09 01:39:05,0.89006,0.89022
2657,2023-05-09 01:39:09,0.89007,0.89023
2658,2023-05-09 01:39:10,0.89008,0.89024
2659,2023-05-09 01:39:11,0.89007,0.89023
2660,2023-05-09 01:39:12,0.89008,0.89024
2664,2023-05-09 01:39:14,0.89009,0.89025
2666,2023-05-09 01:39:15,0.89009,0.89025
2667,2023-05-09 01:39:17,0.89008,0.89024
2668,2023-05-09 01:39:20,0.89007,0.89023
2669,2023-05-09 01:39:21,0.89008,0.89024
2670,2023-05-09 01:39:22,0.89009,0.89025
2671,2023-05-09 01:39:28,0.8901,0.89026
2672,2023-05-09 01:39:29,0.89012,0.89028
2673,2023-05-09 01:39:30,0.890115,0.8902749999999999
2675,2023-05-09 01:39:33,0.890125,0.890285
2677,2023-05-09 01:39:42,0.89013,0.89029
2678,2023-05-09 01:39:43,0.89014,0.8903
2679,2023-05-09 01:39:45,0.89016,0.89032
2680,2023-05-09 01:39:46,0.89015,0.89031
2681,2023-05-09 01:39:48,0.89017,0.89033
2682,2023-05-09 01:39:55,0.89016,0.89032
2683,2023-05-09 01:39:57,0.89017,0.89033
2684,2023-05-09 01:40:00,0.89019,0.89035
2685,2023-05-09 01:40:19,0.8902,0.89036
2686,2023-05-09 01:40:21,0.89019,0.89035
2687,2023-05-09 01:40:22,0.89019,0.89035
2689,2023-05-09 01:40:28,0.89019,0.89035
2690,2023-05-09 01:40:30,0.89018,0.89034
2691,2023-05-09 01:40:40,0.890185,0.8903449999999999
2693,2023-05-09 01:40:41,0.89019,0.89035
2694,2023-05-09 01:40:42,0.89018,0.89034
2695,2023-05-09 01:40:50,0.89019,0.89035
2696,2023-05-09 01:40:55,0.8902,0.89036
2697,2023-05-09 01:41:00,0.8902,0.89036
2698,2023-05-09 01:41:01,0.89019,0.89035
2699,2023-05-09 01:41:02,0.89018,0.89034
2700,2023-05-09 01:41:09,0.89019,0.89035
2701,2023-05-09 01:41:10,0.8902,0.89036
2702,2023-05-09 01:41:12,0.89021,0.89037
2703,2023-05-09 01:41:13,0.89025,0.89041
2704,2023-05-09 01:41:21,0.89024,0.8904
2705,2023-05-09 01:41:23,0.8902399999999999,0.8904000000000001
2707,2023-05-09 01:41:26,0.89024,0.8904
2708,2023-05-09 01:41:27,0.890245,0.890405
2710,2023-05-09 01:41:28,0.89025,0.89041
2713,2023-05-09 01:41:29,0.89024,0.8904
2714,2023-05-09 01:41:32,0.89023,0.89039
2715,2023-05-09 01:41:34,0.89024,0.8904
2716,2023-05-09 01:41:38,0.89023,0.89039
2717,2023-05-09 01:41:42,0.890255,0.890415
2719,2023-05-09 01:41:49,0.89028,0.89044
2720,2023-05-09 01:41:51,0.89029,0.89045
2721,2023-05-09 01:41:52,0.89028,0.89044
2722,2023-05-09 01:41:53,0.89029,0.89045
2723,2023-05-09 01:41:55,0.890285,0.8904449999999999
2727,2023-05-09 01:41:56,0.890285,0.8904449999999999
2729,2023-05-09 01:41:59,0.890285,0.8904449999999999
2731,2023-05-09 01:42:00,0.890285,0.8904449999999999
2733,2023-05-09 01:42:04,0.89028,0.89044
2734,2023-05-09 01:42:11,0.89027,0.89043
2735,2023-05-09 01:42:14,0.89028,0.89044
2736,2023-05-09 01:42:18,0.89029,0.89045
2737,2023-05-09 01:42:19,0.89028,0.89044
2738,2023-05-09 01:42:23,0.89029,0.89045
2739,2023-05-09 01:42:26,0.89028,0.89044
2740,2023-05-09 01:42:27,0.89029,0.89045
2741,2023-05-09 01:42:32,0.8903,0.89046
2742,2023-05-09 01:42:34,0.890285,0.8904449999999999
2744,2023-05-09 01:42:35,0.89027,0.89043
2745,2023-05-09 01:42:36,0.89028,0.89044
2746,2023-05-09 01:42:40,0.8903,0.89046
2747,2023-05-09 01:42:44,0.890285,0.8904449999999999
2749,2023-05-09 01:42:48,0.8903,0.89046
2750,2023-05-09 01:42:52,0.89029,0.89045
2751,2023-05-09 01:43:00,0.89029,0.89045
2752,2023-05-09 01:43:01,0.890305,0.8904650000000001
2754,2023-05-09 01:43:04,0.890315,0.890475
2756,2023-05-09 01:43:05,0.89032,0.89048
2757,2023-05-09 01:43:07,0.89033,0.89049
2758,2023-05-09 01:43:08,0.890315,0.890475
2760,2023-05-09 01:43:09,0.89032,0.89048
2761,2023-05-09 01:43:11,0.89031,0.89047
2762,2023-05-09 01:43:23,0.89033,0.89049
2763,2023-05-09 01:43:24,0.890325,0.890485
2765,2023-05-09 01:43:26,0.89032,0.89048
2766,2023-05-09 01:43:27,0.89033,0.89049
2767,2023-05-09 01:43:28,0.89032,0.89048
2768,2023-05-09 01:43:29,0.89031,0.89047
2769,2023-05-09 01:43:44,0.89032,0.89048
2770,2023-05-09 01:43:46,0.89031,0.89047
2771,2023-05-09 01:43:48,0.89032,0.89048
2772,2023-05-09 01:43:54,0.890325,0.890485
2774,2023-05-09 01:43:55,0.89033,0.89049
2775,2023-05-09 01:43:58,0.89032,0.89048
2776,2023-05-09 01:44:00,0.89032,0.89048
2777,2023-05-09 01:44:05,0.89031,0.89047
2778,2023-05-09 01:44:10,0.89032,0.89048
2779,2023-05-09 01:44:21,0.89033,0.89049
2780,2023-05-09 01:44:28,0.89032,0.89048
2781,2023-05-09 01:44:29,0.89033,0.89049
2782,2023-05-09 01:44:52,0.89034,0.8905
2783,2023-05-09 01:45:00,0.89034,0.8905
2784,2023-05-09 01:45:14,0.89036,0.89052
2785,2023-05-09 01:45:15,0.89034,0.8905
2786,2023-05-09 01:45:29,0.8904000000000001,0.89056
2788,2023-05-09 01:45:32,0.89038,0.89054
2789,2023-05-09 01:45:36,0.8904,0.89056
2790,2023-05-09 01:45:49,0.89038,0.89054
2791,2023-05-09 01:45:50,0.89039,0.89055
2792,2023-05-09 01:45:53,0.89038,0.89054
2793,2023-05-09 01:45:55,0.89039,0.89055
2794,2023-05-09 01:45:56,0.890385,0.8905449999999999
2796,2023-05-09 01:46:00,0.89039,0.89055
2797,2023-05-09 01:46:03,0.8904,0.89056
2798,2023-05-09 01:46:05,0.89039,0.89055
2799,2023-05-09 01:46:06,0.8904,0.89056
2800,2023-05-09 01:46:11,0.89041,0.89057
2801,2023-05-09 01:46:12,0.890415,0.890575
2803,2023-05-09 01:46:14,0.8904,0.89056
2804,2023-05-09 01:46:20,0.89039,0.89055
2805,2023-05-09 01:46:28,0.8904,0.89056
2806,2023-05-09 01:46:29,0.89041,0.89057
2807,2023-05-09 01:46:50,0.89039,0.89055
2808,2023-05-09 01:46:59,0.89038,0.89054
2809,2023-05-09 01:47:00,0.8903749999999999,0.8905350000000001
2811,2023-05-09 01:47:01,0.89038,0.89054
2812,2023-05-09 01:47:02,0.89037,0.89053
2813,2023-05-09 01:47:09,0.89036,0.89052
2814,2023-05-09 01:47:12,0.89035,0.89051
2815,2023-05-09 01:47:15,0.89034,0.8905
2816,2023-05-09 01:47:17,0.89035,0.89051
2817,2023-05-09 01:47:20,0.89034,0.8905
2818,2023-05-09 01:47:21,0.89035,0.89051
2819,2023-05-09 01:47:22,0.89034,0.8905
2820,2023-05-09 01:47:24,0.89035,0.89051
2821,2023-05-09 01:47:28,0.890355,0.890515
2823,2023-05-09 01:47:29,0.89036,0.89052
2824,2023-05-09 01:47:31,0.8903749999999999,0.8905350000000001
2826,2023-05-09 01:47:35,0.89038,0.89054
2827,2023-05-09 01:47:37,0.89036,0.89052
2828,2023-05-09 01:47:53,0.89038,0.89054
2829,2023-05-09 01:47:56,0.89036,0.89052
2830,2023-05-09 01:48:00,0.89037,0.89053
2831,2023-05-09 01:48:03,0.8904,0.89056
2832,2023-05-09 01:48:12,0.890405,0.890565
2834,2023-05-09 01:48:13,0.89039,0.89055
2835,2023-05-09 01:48:20,0.890395,0.890555
2837,2023-05-09 01:48:22,0.89037,0.89053
2838,2023-05-09 01:48:27,0.89038,0.89054
2839,2023-05-09 01:48:30,0.89037,0.89053
2840,2023-05-09 01:48:38,0.8903749999999999,0.8905350000000001
2842,2023-05-09 01:48:39,0.89038,0.89054
2843,2023-05-09 01:48:43,0.89036,0.89052
2844,2023-05-09 01:48:54,0.89037,0.89053
2845,2023-05-09 01:49:00,0.89037,0.89053
2846,2023-05-09 01:49:02,0.89036,0.89052
2847,2023-05-09 01:49:16,0.89037,0.89053
2848,2023-05-09 01:49:18,0.8904,0.89056
2849,2023-05-09 01:49:19,0.890405,0.890565
2851,2023-05-09 01:49:20,0.890405,0.890565
2853,2023-05-09 01:49:21,0.890405,0.890565
2855,2023-05-09 01:49:36,0.89041,0.89057
2856,2023-05-09 01:49:37,0.8904,0.89056
2857,2023-05-09 01:49:39,0.89039,0.89055
2858,2023-05-09 01:49:41,0.89038,0.89054
2859,2023-05-09 01:49:49,0.89038,0.89054
2861,2023-05-09 01:49:55,0.8904,0.89056
2862,2023-05-09 01:49:57,0.89039,0.89055
2863,2023-05-09 01:49:59,0.89038,0.89054
2864,2023-05-09 01:50:00,0.89038,0.89054
2865,2023-05-09 01:50:19,0.89036,0.89052
2866,2023-05-09 01:50:20,0.89037,0.89053
2867,2023-05-09 01:50:26,0.89038,0.89054
2868,2023-05-09 01:50:27,0.89039,0.89055
2869,2023-05-09 01:50:32,0.89038,0.89054
2870,2023-05-09 01:50:39,0.89039,0.89055
2871,2023-05-09 01:50:45,0.89038,0.89054
2872,2023-05-09 01:50:48,0.89036,0.89052
2873,2023-05-09 01:50:49,0.8903650000000001,0.890525
2875,2023-05-09 01:50:52,0.89035,0.89051
2876,2023-05-09 01:50:59,0.89036,0.89052
2877,2023-05-09 01:51:00,0.89036,0.89052
2878,2023-05-09 01:51:02,0.89039,0.89055
2879,2023-05-09 01:51:03,0.89037,0.89053
2881,2023-05-09 01:51:12,0.89037,0.89053
2882,2023-05-09 01:51:17,0.89031,0.89047
2883,2023-05-09 01:51:34,0.89032,0.89048
2884,2023-05-09 01:51:35,0.89031,0.89047
2885,2023-05-09 01:51:38,0.8903,0.89046
2886,2023-05-09 01:51:40,0.89029,0.89045
2887,2023-05-09 01:51:42,0.8903,0.89046
2888,2023-05-09 01:51:47,0.89031,0.89047
2889,2023-05-09 01:51:49,0.8903,0.89046
2890,2023-05-09 01:51:54,0.89029,0.89045
2891,2023-05-09 01:52:00,0.89029,0.89045
2892,2023-05-09 01:52:13,0.8903,0.89046
2893,2023-05-09 01:52:40,0.89029,0.89045
2894,2023-05-09 01:52:42,0.8903,0.89046
2895,2023-05-09 01:52:46,0.8902950000000001,0.890455
2897,2023-05-09 01:52:50,0.89029,0.89045
2898,2023-05-09 01:52:59,0.8903,0.89046
2899,2023-05-09 01:53:00,0.8903,0.89046
2900,2023-05-09 01:53:04,0.89029,0.89045
2901,2023-05-09 01:53:09,0.89028,0.89044
2902,2023-05-09 01:53:11,0.89029,0.89045
2903,2023-05-09 01:53:13,0.89028,0.89044
2904,2023-05-09 01:53:20,0.89029,0.89045
2905,2023-05-09 01:53:26,0.8903,0.89046
2906,2023-05-09 01:53:27,0.89029,0.89045
2907,2023-05-09 01:53:28,0.8903,0.89046
2908,2023-05-09 01:53:30,0.89032,0.89048
2909,2023-05-09 01:53:32,0.89031,0.89047
2910,2023-05-09 01:53:35,0.890315,0.890475
2912,2023-05-09 01:53:37,0.8903,0.89046
2913,2023-05-09 01:53:41,0.890285,0.8904449999999999
2915,2023-05-09 01:53:47,0.89027,0.89043
2916,2023-05-09 01:53:51,0.89028,0.89044
2917,2023-05-09 01:53:54,0.89027,0.89043
2918,2023-05-09 01:53:55,0.89028,0.89044
2919,2023-05-09 01:53:57,0.8902749999999999,0.8904350000000001
2921,2023-05-09 01:54:00,0.89028,0.89044
2922,2023-05-09 01:54:03,0.89025,0.8904099999999999
2924,2023-05-09 01:54:05,0.89023,0.89039
2925,2023-05-09 01:54:06,0.89022,0.89038
2926,2023-05-09 01:54:07,0.890225,0.890385
2928,2023-05-09 01:54:08,0.89023,0.89039
2929,2023-05-09 01:54:16,0.89024,0.8904
2930,2023-05-09 01:54:19,0.890235,0.890395
2932,2023-05-09 01:54:20,0.890215,0.890375
2934,2023-05-09 01:54:23,0.8901950000000001,0.890355
2936,2023-05-09 01:54:24,0.89019,0.89035
2937,2023-05-09 01:54:25,0.8902,0.89036
2938,2023-05-09 01:54:27,0.89021,0.89037
2939,2023-05-09 01:54:28,0.8902,0.89036
2940,2023-05-09 01:54:29,0.89021,0.89037
2941,2023-05-09 01:54:30,0.8902049999999999,0.8903650000000001
2943,2023-05-09 01:54:31,0.8902049999999999,0.8903650000000001
2945,2023-05-09 01:54:32,0.89022,0.89038
2947,2023-05-09 01:54:34,0.89026,0.89042
2948,2023-05-09 01:54:35,0.89027,0.89043
2951,2023-05-09 01:54:37,0.89028,0.89044
2952,2023-05-09 01:54:41,0.8902749999999999,0.8904350000000001
2954,2023-05-09 01:54:42,0.8902749999999999,0.8904350000000001
2956,2023-05-09 01:54:45,0.89027,0.89043
2957,2023-05-09 01:54:49,0.89028,0.89044
2958,2023-05-09 01:54:50,0.89029,0.89045
2959,2023-05-09 01:54:51,0.89028,0.89044
2962,2023-05-09 01:54:53,0.890285,0.8904449999999999
2964,2023-05-09 01:54:54,0.89029,0.89045
2965,2023-05-09 01:54:56,0.890285,0.8904449999999999
2967,2023-05-09 01:54:57,0.890285,0.8904449999999999
2969,2023-05-09 01:54:59,0.8902749999999999,0.8904350000000001
2971,2023-05-09 01:55:00,0.89027,0.89043
2972,2023-05-09 01:55:10,0.890235,0.890395
2974,2023-05-09 01:55:11,0.89024,0.8904
2975,2023-05-09 01:55:28,0.89026,0.89042
2976,2023-05-09 01:55:29,0.89027,0.89043
2977,2023-05-09 01:55:31,0.89028,0.89044
2978,2023-05-09 01:55:32,0.89029,0.89045
2979,2023-05-09 01:55:33,0.890285,0.8904449999999999
2981,2023-05-09 01:55:34,0.890285,0.8904449999999999
2983,2023-05-09 01:55:36,0.890285,0.8904449999999999
2985,2023-05-09 01:55:37,0.89028,0.89044
2986,2023-05-09 01:55:38,0.89029,0.89045
2989,2023-05-09 01:55:39,0.89029,0.89045
2992,2023-05-09 01:55:40,0.890325,0.890485
2994,2023-05-09 01:55:41,0.890325,0.890485
2996,2023-05-09 01:55:42,0.89034,0.8905
2997,2023-05-09 01:55:43,0.89033,0.89049
2998,2023-05-09 01:55:45,0.89032,0.89048
2999,2023-05-09 01:55:48,0.89033,0.89049
3000,2023-05-09 01:55:49,0.89032,0.89048
3001,2023-05-09 01:55:51,0.89031,0.89047
3002,2023-05-09 01:55:52,0.89032,0.89048
3003,2023-05-09 01:55:53,0.890325,0.890485
3005,2023-05-09 01:55:56,0.890325,0.890485
3007,2023-05-09 01:56:00,0.890315,0.890475
3011,2023-05-09 01:56:03,0.89032,0.89048
3012,2023-05-09 01:56:04,0.890315,0.890475
3014,2023-05-09 01:56:05,0.890315,0.890475
3016,2023-05-09 01:56:06,0.8903,0.89046
3019,2023-05-09 01:56:07,0.8902950000000001,0.890455
3021,2023-05-09 01:56:08,0.8903,0.89046
3022,2023-05-09 01:56:10,0.8902950000000001,0.890455
3024,2023-05-09 01:56:11,0.89029,0.89045
3027,2023-05-09 01:56:15,0.8903,0.89046
3028,2023-05-09 01:56:16,0.89031,0.89047
3029,2023-05-09 01:56:19,0.89032,0.89048
3032,2023-05-09 01:56:20,0.890315,0.890475
3034,2023-05-09 01:56:21,0.890315,0.890475
3036,2023-05-09 01:56:22,0.89031,0.89047
3037,2023-05-09 01:56:33,0.890315,0.890475
3039,2023-05-09 01:56:34,0.890315,0.890475
3041,2023-05-09 01:56:35,0.890315,0.890475
3043,2023-05-09 01:56:37,0.89032,0.89048
3044,2023-05-09 01:56:38,0.890315,0.890475
3046,2023-05-09 01:56:40,0.890315,0.890475
3048,2023-05-09 01:56:41,0.890315,0.890475
3050,2023-05-09 01:56:44,0.89031,0.89047
3051,2023-05-09 01:56:45,0.890315,0.890475
3053,2023-05-09 01:56:46,0.89032,0.89048
3054,2023-05-09 01:56:49,0.890315,0.890475
3056,2023-05-09 01:56:50,0.89031,0.89047
3057,2023-05-09 01:56:51,0.89029,0.89045
3058,2023-05-09 01:56:52,0.890285,0.8904449999999999
3060,2023-05-09 01:56:53,0.890285,0.8904449999999999
3062,2023-05-09 01:56:54,0.89028,0.89044
3063,2023-05-09 01:56:56,0.89029,0.89045
3064,2023-05-09 01:56:57,0.89028,0.89044
3065,2023-05-09 01:57:00,0.89028,0.89044
3066,2023-05-09 01:57:03,0.89027,0.89043
3067,2023-05-09 01:57:05,0.8902749999999999,0.8904350000000001
3069,2023-05-09 01:57:06,0.8902749999999999,0.8904350000000001
3071,2023-05-09 01:57:07,0.890285,0.8904449999999999
3073,2023-05-09 01:57:08,0.89029,0.89045
3076,2023-05-09 01:57:09,0.89031,0.89047
3077,2023-05-09 01:57:10,0.8903,0.89046
3078,2023-05-09 01:57:14,0.89028,0.89044
3079,2023-05-09 01:57:16,0.8902950000000001,0.890455
3081,2023-05-09 01:57:18,0.89032,0.89048
3084,2023-05-09 01:57:25,0.89033,0.89049
3087,2023-05-09 01:57:26,0.890325,0.890485
3089,2023-05-09 01:57:27,0.89032,0.89048
3092,2023-05-09 01:57:28,0.89033,0.89049
3095,2023-05-09 01:57:29,0.890335,0.890495
3097,2023-05-09 01:57:31,0.89037,0.89053
3098,2023-05-09 01:57:35,0.89038,0.89054
3099,2023-05-09 01:57:36,0.8903749999999999,0.8905350000000001
3101,2023-05-09 01:57:37,0.8903749999999999,0.8905350000000001
3103,2023-05-09 01:57:38,0.8903749999999999,0.8905350000000001
3105,2023-05-09 01:57:40,0.8903749999999999,0.8905350000000001
3107,2023-05-09 01:57:55,0.89037,0.89053
3108,2023-05-09 01:57:56,0.89038,0.89054
3109,2023-05-09 01:57:57,0.8903749999999999,0.8905350000000001
3111,2023-05-09 01:57:58,0.89037,0.89053
3112,2023-05-09 01:57:59,0.89038,0.89054
3113,2023-05-09 01:58:00,0.89038,0.89054
3114,2023-05-09 01:58:01,0.8903749999999999,0.8905350000000001
3116,2023-05-09 01:58:02,0.8903749999999999,0.8905350000000001
3120,2023-05-09 01:58:03,0.89037,0.89053
3121,2023-05-09 01:58:04,0.8903749999999999,0.8905350000000001
3123,2023-05-09 01:58:05,0.89038,0.89054
3126,2023-05-09 01:58:06,0.89039,0.89055
3127,2023-05-09 01:58:07,0.89038,0.89054
3128,2023-05-09 01:58:12,0.8903749999999999,0.8905350000000001
3130,2023-05-09 01:58:13,0.8903749999999999,0.8905350000000001
3132,2023-05-09 01:58:17,0.89037,0.89053
3135,2023-05-09 01:58:18,0.8903749999999999,0.8905350000000001
3137,2023-05-09 01:58:19,0.89038,0.89054
3138,2023-05-09 01:58:20,0.8903749999999999,0.8905350000000001
3140,2023-05-09 01:58:21,0.8903749999999999,0.8905350000000001
3142,2023-05-09 01:58:22,0.8903749999999999,0.8905350000000001
3144,2023-05-09 01:58:25,0.89039,0.89055
3145,2023-05-09 01:58:26,0.89038,0.89054
3146,2023-05-09 01:58:27,0.89039,0.89055
3147,2023-05-09 01:58:28,0.89038,0.89054
3150,2023-05-09 01:58:29,0.890385,0.8905449999999999
3152,2023-05-09 01:58:34,0.89039,0.89055
3153,2023-05-09 01:58:35,0.89038,0.89054
3154,2023-05-09 01:58:40,0.890385,0.8905449999999999
3156,2023-05-09 01:58:57,0.89037,0.89053
3157,2023-05-09 01:59:00,0.89037,0.89053
3158,2023-05-09 01:59:01,0.89038,0.89054
3159,2023-05-09 01:59:14,0.89036,0.89052
3160,2023-05-09 01:59:18,0.8903749999999999,0.8905350000000001
3162,2023-05-09 01:59:28,0.89037,0.89053
3163,2023-05-09 01:59:43,0.89038,0.89054
3164,2023-05-09 01:59:45,0.8904,0.89056
3165,2023-05-09 01:59:50,0.89043,0.89059
3166,2023-05-09 01:59:51,0.89042,0.89058
3167,2023-05-09 02:00:00,0.89042,0.89058
3168,2023-05-09 02:00:03,0.89041,0.89057
3169,2023-05-09 02:00:07,0.8904,0.89056
3170,2023-05-09 02:00:24,0.89039,0.89055
3171,2023-05-09 02:00:29,0.8903749999999999,0.8905350000000001
3173,2023-05-09 02:00:45,0.8903650000000001,0.890525
3175,2023-05-09 02:00:56,0.89036,0.89052
3176,2023-05-09 02:00:58,0.89037,0.89053
3177,2023-05-09 02:01:00,0.8903650000000001,0.890525
3179,2023-05-09 02:01:05,0.890315,0.890475
3181,2023-05-09 02:01:07,0.890325,0.890485
3183,2023-05-09 02:01:09,0.89034,0.8905
3184,2023-05-09 02:01:11,0.89037,0.89053
3185,2023-05-09 02:01:17,0.89038,0.89054
3186,2023-05-09 02:01:22,0.8903749999999999,0.8905350000000001
3188,2023-05-09 02:01:31,0.89037,0.89053
3189,2023-05-09 02:01:37,0.89036,0.89052
3190,2023-05-09 02:01:42,0.89037,0.89053
3191,2023-05-09 02:01:47,0.89038,0.89054
3192,2023-05-09 02:01:53,0.89039,0.89055
3193,2023-05-09 02:01:54,0.8904,0.89056
3194,2023-05-09 02:01:59,0.89039,0.89055
3195,2023-05-09 02:02:00,0.89039,0.89055
3196,2023-05-09 02:02:04,0.8903749999999999,0.8905350000000001
3198,2023-05-09 02:02:05,0.89037,0.89053
3199,2023-05-09 02:02:30,0.89039,0.89055
3200,2023-05-09 02:02:44,0.8903749999999999,0.8905350000000001
3202,2023-05-09 02:03:00,0.890395,0.890555
3204,2023-05-09 02:03:04,0.89039,0.89055
3205,2023-05-09 02:03:07,0.89041,0.89057
3206,2023-05-09 02:03:12,0.890395,0.890555
3208,2023-05-09 02:03:31,0.89039,0.89055
3209,2023-05-09 02:03:33,0.89038,0.89054
3210,2023-05-09 02:03:42,0.89037,0.89053
3211,2023-05-09 02:03:45,0.89036,0.89052
3212,2023-05-09 02:03:46,0.89037,0.89053
3213,2023-05-09 02:03:54,0.89038,0.89054
3214,2023-05-09 02:03:56,0.89039,0.89055
3215,2023-05-09 02:04:00,0.89039,0.89055
3216,2023-05-09 02:04:02,0.890385,0.8905449999999999
3218,2023-05-09 02:04:03,0.89038,0.89054
3219,2023-05-09 02:04:04,0.89039,0.89055
3220,2023-05-09 02:04:14,0.8904,0.89056
3221,2023-05-09 02:04:17,0.89039,0.89055
3222,2023-05-09 02:04:19,0.89038,0.89054
3223,2023-05-09 02:04:27,0.89037,0.89053
3224,2023-05-09 02:04:32,0.89038,0.89054
3225,2023-05-09 02:04:33,0.89037,0.89053
3226,2023-05-09 02:05:00,0.89037,0.89053
3227,2023-05-09 02:05:28,0.89036,0.89052
3228,2023-05-09 02:05:31,0.89037,0.89053
3229,2023-05-09 02:05:47,0.89039,0.89055
3230,2023-05-09 02:06:00,0.89039,0.89055
3231,2023-05-09 02:06:11,0.8904,0.89056
3232,2023-05-09 02:06:14,0.89039,0.89055
3233,2023-05-09 02:06:15,0.8903749999999999,0.8905350000000001
3235,2023-05-09 02:06:19,0.89039,0.89055
3236,2023-05-09 02:06:21,0.890385,0.8905449999999999
3238,2023-05-09 02:06:22,0.890385,0.8905449999999999
3240,2023-05-09 02:06:23,0.890385,0.8905449999999999
3242,2023-05-09 02:06:30,0.8904,0.89056
3243,2023-05-09 02:06:37,0.89041,0.89057
3244,2023-05-09 02:06:38,0.89043,0.89059
3245,2023-05-09 02:06:41,0.89046,0.89062
3246,2023-05-09 02:06:42,0.89045,0.89061
3247,2023-05-09 02:06:50,0.8904650000000001,0.890625
3249,2023-05-09 02:06:57,0.89044,0.8906
3252,2023-05-09 02:06:59,0.8904350000000001,0.890595
3254,2023-05-09 02:07:00,0.8904449999999999,0.890605
3256,2023-05-09 02:07:10,0.89046,0.89062
3257,2023-05-09 02:07:20,0.89045,0.89061
3258,2023-05-09 02:07:22,0.89044,0.8906
3259,2023-05-09 02:07:23,0.8904350000000001,0.890595
3261,2023-05-09 02:07:24,0.8904350000000001,0.890595
3263,2023-05-09 02:07:25,0.8904350000000001,0.890595
3265,2023-05-09 02:07:26,0.8904350000000001,0.890595
3267,2023-05-09 02:07:30,0.890445,0.890605
3269,2023-05-09 02:07:35,0.89045,0.89061
3270,2023-05-09 02:07:39,0.89046,0.89062
3271,2023-05-09 02:07:46,0.89045,0.89061
3272,2023-05-09 02:07:53,0.89043,0.89059
3273,2023-05-09 02:07:54,0.890425,0.890585
3275,2023-05-09 02:07:57,0.89044,0.8906
3276,2023-05-09 02:08:00,0.8904449999999999,0.890605
3278,2023-05-09 02:08:02,0.89044,0.8906
3279,2023-05-09 02:08:04,0.89045,0.89061
3280,2023-05-09 02:08:07,0.89044,0.8906
3281,2023-05-09 02:08:11,0.89045,0.89061
3282,2023-05-09 02:08:17,0.89046,0.89062
3283,2023-05-09 02:08:23,0.8905099999999999,0.8906700000000001
3285,2023-05-09 02:08:24,0.890485,0.890645
3287,2023-05-09 02:08:26,0.8905,0.89066
3288,2023-05-09 02:08:27,0.89049,0.89065
3289,2023-05-09 02:08:31,0.89049,0.8906499999999999
3291,2023-05-09 02:08:34,0.89051,0.89067
3294,2023-05-09 02:08:35,0.89054,0.8907
3295,2023-05-09 02:08:36,0.89055,0.89071
3296,2023-05-09 02:08:37,0.8905449999999999,0.8907050000000001
3298,2023-05-09 02:08:38,0.8905449999999999,0.8907050000000001
3300,2023-05-09 02:08:39,0.8905449999999999,0.8907050000000001
3302,2023-05-09 02:08:40,0.8905449999999999,0.8907050000000001
3306,2023-05-09 02:08:41,0.89056,0.89072
