,time,bid,ask
0,2023-05-09 00:00:00,135.083,135.093
1,2023-05-09 00:00:01,135.082,135.092
6,2023-05-09 00:00:02,135.07999999999998,135.09
8,2023-05-09 00:00:03,135.077,135.087
9,2023-05-09 00:00:04,135.076,135.086
10,2023-05-09 00:00:05,135.077,135.087
11,2023-05-09 00:00:09,135.082,135.09199999999998
13,2023-05-09 00:00:10,135.086,135.096
15,2023-05-09 00:00:11,135.09,135.1
19,2023-05-09 00:00:12,135.099,135.109
21,2023-05-09 00:00:15,135.097,135.107
22,2023-05-09 00:00:16,135.096,135.106
23,2023-05-09 00:00:18,135.097,135.107
26,2023-05-09 00:00:19,135.096,135.106
27,2023-05-09 00:00:30,135.096,135.106
30,2023-05-09 00:00:31,135.11450000000002,135.1245
34,2023-05-09 00:00:32,135.12,135.13
37,2023-05-09 00:00:33,135.116,135.126
40,2023-05-09 00:00:34,135.115,135.125
41,2023-05-09 00:00:36,135.109,135.119
44,2023-05-09 00:00:40,135.101,135.111
45,2023-05-09 00:00:41,135.1,135.11
46,2023-05-09 00:00:42,135.101,135.111
49,2023-05-09 00:00:43,135.104,135.114
50,2023-05-09 00:00:44,135.106,135.116
51,2023-05-09 00:00:46,135.112,135.122
52,2023-05-09 00:00:47,135.113,135.123
55,2023-05-09 00:00:48,135.114,135.124
56,2023-05-09 00:00:49,135.113,135.123
59,2023-05-09 00:00:51,135.116,135.126
62,2023-05-09 00:00:52,135.124,135.134
63,2023-05-09 00:00:53,135.121,135.131
66,2023-05-09 00:00:54,135.11849999999998,135.12849999999997
68,2023-05-09 00:00:55,135.1245,135.1345
70,2023-05-09 00:00:56,135.123,135.133
71,2023-05-09 00:00:57,135.1245,135.1345
73,2023-05-09 00:00:59,135.124,135.13400000000001
75,2023-05-09 00:01:00,135.13400000000001,135.144
79,2023-05-09 00:01:01,135.138,135.148
80,2023-05-09 00:01:02,135.138,135.148
83,2023-05-09 00:01:03,135.142,135.152
86,2023-05-09 00:01:04,135.1465,135.1565
88,2023-05-09 00:01:05,135.14249999999998,135.15249999999997
90,2023-05-09 00:01:06,135.1485,135.1585
92,2023-05-09 00:01:09,135.146,135.156
93,2023-05-09 00:01:10,135.139,135.149
96,2023-05-09 00:01:11,135.137,135.147
99,2023-05-09 00:01:12,135.138,135.148
100,2023-05-09 00:01:14,135.137,135.147
104,2023-05-09 00:01:15,135.136,135.146
105,2023-05-09 00:01:17,135.131,135.141
107,2023-05-09 00:01:18,135.13,135.14
112,2023-05-09 00:01:19,135.1295,135.1395
116,2023-05-09 00:01:20,135.147,135.15699999999998
118,2023-05-09 00:01:23,135.149,135.159
121,2023-05-09 00:01:24,135.1465,135.1565
123,2023-05-09 00:01:25,135.146,135.156
124,2023-05-09 00:01:26,135.145,135.155
125,2023-05-09 00:01:31,135.151,135.161
128,2023-05-09 00:01:32,135.154,135.164
131,2023-05-09 00:01:33,135.155,135.165
134,2023-05-09 00:01:34,135.156,135.166
135,2023-05-09 00:01:35,135.157,135.167
136,2023-05-09 00:01:36,135.158,135.168
137,2023-05-09 00:01:37,135.157,135.167
138,2023-05-09 00:01:39,135.1565,135.16649999999998
140,2023-05-09 00:01:40,135.15550000000002,135.1655
142,2023-05-09 00:01:41,135.1485,135.1585
144,2023-05-09 00:01:43,135.14800000000002,135.15800000000002
148,2023-05-09 00:01:47,135.153,135.163
153,2023-05-09 00:01:48,135.151,135.161
159,2023-05-09 00:01:49,135.1525,135.1625
163,2023-05-09 00:01:50,135.142,135.152
166,2023-05-09 00:01:51,135.135,135.145
169,2023-05-09 00:01:52,135.143,135.153
172,2023-05-09 00:01:53,135.143,135.153
179,2023-05-09 00:01:55,135.143,135.153
180,2023-05-09 00:01:57,135.144,135.154
181,2023-05-09 00:01:58,135.147,135.15699999999998
183,2023-05-09 00:01:59,135.146,135.156
186,2023-05-09 00:02:00,135.14749999999998,135.1575
190,2023-05-09 00:02:01,135.15249999999997,135.16250000000002
192,2023-05-09 00:02:02,135.152,135.162
193,2023-05-09 00:02:09,135.155,135.165
196,2023-05-09 00:02:11,135.15249999999997,135.16250000000002
198,2023-05-09 00:02:14,135.1465,135.1565
200,2023-05-09 00:02:15,135.15,135.16
204,2023-05-09 00:02:16,135.15249999999997,135.16250000000002
206,2023-05-09 00:02:17,135.15449999999998,135.16449999999998
208,2023-05-09 00:02:19,135.154,135.164
209,2023-05-09 00:02:20,135.15550000000002,135.1655
211,2023-05-09 00:02:21,135.157,135.167
214,2023-05-09 00:02:23,135.157,135.167
215,2023-05-09 00:02:24,135.155,135.165
217,2023-05-09 00:02:26,135.1535,135.1635
219,2023-05-09 00:02:28,135.1495,135.15949999999998
221,2023-05-09 00:02:29,135.149,135.159
224,2023-05-09 00:02:31,135.15,135.16
225,2023-05-09 00:02:32,135.149,135.159
228,2023-05-09 00:02:33,135.147,135.157
231,2023-05-09 00:02:34,135.145,135.155
232,2023-05-09 00:02:35,135.1455,135.15550000000002
234,2023-05-09 00:02:36,135.144,135.154
235,2023-05-09 00:02:37,135.162,135.172
238,2023-05-09 00:02:38,135.163,135.173
239,2023-05-09 00:02:39,135.1635,135.1735
241,2023-05-09 00:02:42,135.1615,135.17149999999998
245,2023-05-09 00:02:43,135.1615,135.17149999999998
247,2023-05-09 00:02:44,135.166,135.176
250,2023-05-09 00:02:45,135.167,135.177
251,2023-05-09 00:02:46,135.164,135.174
254,2023-05-09 00:02:47,135.163,135.173
255,2023-05-09 00:02:54,135.154,135.164
256,2023-05-09 00:02:56,135.155,135.165
257,2023-05-09 00:03:00,135.1605,135.1705
259,2023-05-09 00:03:01,135.163,135.173
260,2023-05-09 00:03:05,135.16250000000002,135.1725
262,2023-05-09 00:03:10,135.162,135.172
263,2023-05-09 00:03:11,135.163,135.173
264,2023-05-09 00:03:15,135.157,135.167
265,2023-05-09 00:03:16,135.15449999999998,135.16449999999998
269,2023-05-09 00:03:21,135.156,135.166
270,2023-05-09 00:03:22,135.165,135.175
271,2023-05-09 00:03:23,135.164,135.174
272,2023-05-09 00:03:25,135.163,135.173
273,2023-05-09 00:03:26,135.1635,135.1735
275,2023-05-09 00:03:36,135.164,135.174
276,2023-05-09 00:03:44,135.169,135.179
277,2023-05-09 00:03:45,135.17,135.18
280,2023-05-09 00:03:46,135.17,135.18
285,2023-05-09 00:03:48,135.171,135.181
286,2023-05-09 00:03:49,135.17,135.18
289,2023-05-09 00:03:50,135.171,135.181
290,2023-05-09 00:03:51,135.17,135.18
291,2023-05-09 00:03:52,135.1705,135.1805
293,2023-05-09 00:03:53,135.183,135.193
296,2023-05-09 00:03:55,135.183,135.193
299,2023-05-09 00:03:56,135.1725,135.1825
301,2023-05-09 00:03:58,135.171,135.181
302,2023-05-09 00:04:02,135.179,135.18900000000002
304,2023-05-09 00:04:03,135.19,135.2
305,2023-05-09 00:04:04,135.182,135.192
308,2023-05-09 00:04:05,135.181,135.191
309,2023-05-09 00:04:11,135.182,135.192
310,2023-05-09 00:04:12,135.191,135.201
313,2023-05-09 00:04:13,135.191,135.201
314,2023-05-09 00:04:15,135.19,135.2
315,2023-05-09 00:04:16,135.181,135.191
316,2023-05-09 00:04:18,135.1825,135.1925
318,2023-05-09 00:04:19,135.181,135.191
319,2023-05-09 00:04:21,135.182,135.192
320,2023-05-09 00:04:25,135.181,135.191
321,2023-05-09 00:04:27,135.18,135.19
322,2023-05-09 00:04:29,135.174,135.184
323,2023-05-09 00:04:31,135.176,135.186
324,2023-05-09 00:04:33,135.177,135.187
325,2023-05-09 00:04:35,135.1755,135.1855
327,2023-05-09 00:04:38,135.174,135.184
328,2023-05-09 00:04:39,135.173,135.183
329,2023-05-09 00:04:40,135.182,135.192
332,2023-05-09 00:04:41,135.19,135.2
333,2023-05-09 00:04:47,135.198,135.208
337,2023-05-09 00:04:48,135.19,135.2
338,2023-05-09 00:04:53,135.187,135.197
339,2023-05-09 00:04:54,135.188,135.198
340,2023-05-09 00:05:00,135.188,135.198
341,2023-05-09 00:05:05,135.18,135.19
342,2023-05-09 00:05:06,135.183,135.19299999999998
344,2023-05-09 00:05:07,135.1855,135.19549999999998
346,2023-05-09 00:05:09,135.1815,135.19150000000002
348,2023-05-09 00:05:11,135.188,135.198
349,2023-05-09 00:05:14,135.18849999999998,135.19850000000002
353,2023-05-09 00:05:15,135.189,135.199
356,2023-05-09 00:05:16,135.1925,135.2025
358,2023-05-09 00:05:17,135.198,135.208
359,2023-05-09 00:05:18,135.2065,135.2165
361,2023-05-09 00:05:19,135.20749999999998,135.2175
363,2023-05-09 00:05:21,135.20749999999998,135.2175
365,2023-05-09 00:05:22,135.206,135.216
366,2023-05-09 00:05:23,135.207,135.217
367,2023-05-09 00:05:24,135.206,135.216
368,2023-05-09 00:05:25,135.198,135.208
369,2023-05-09 00:05:26,135.19650000000001,135.2065
375,2023-05-09 00:05:27,135.198,135.208
378,2023-05-09 00:05:28,135.192,135.202
380,2023-05-09 00:05:29,135.192,135.202
383,2023-05-09 00:05:31,135.199,135.209
384,2023-05-09 00:05:32,135.203,135.213
387,2023-05-09 00:05:33,135.2015,135.2115
389,2023-05-09 00:05:37,135.204,135.214
390,2023-05-09 00:05:38,135.202,135.212
393,2023-05-09 00:05:39,135.197,135.207
396,2023-05-09 00:05:40,135.19650000000001,135.2065
398,2023-05-09 00:05:41,135.197,135.207
403,2023-05-09 00:05:42,135.19850000000002,135.20850000000002
407,2023-05-09 00:05:44,135.199,135.209
408,2023-05-09 00:05:45,135.198,135.208
413,2023-05-09 00:05:46,135.197,135.207
419,2023-05-09 00:05:47,135.196,135.206
424,2023-05-09 00:05:48,135.1895,135.1995
426,2023-05-09 00:05:50,135.187,135.197
427,2023-05-09 00:05:51,135.188,135.198
430,2023-05-09 00:05:52,135.189,135.199
434,2023-05-09 00:05:53,135.191,135.201
435,2023-05-09 00:05:55,135.192,135.202
436,2023-05-09 00:06:00,135.1925,135.2025
438,2023-05-09 00:06:09,135.201,135.211
439,2023-05-09 00:06:11,135.202,135.212
440,2023-05-09 00:06:12,135.201,135.211
441,2023-05-09 00:06:14,135.1995,135.2095
443,2023-05-09 00:06:17,135.195,135.205
444,2023-05-09 00:06:18,135.196,135.206
445,2023-05-09 00:06:22,135.199,135.209
446,2023-05-09 00:06:30,135.2,135.21
447,2023-05-09 00:06:32,135.204,135.214
448,2023-05-09 00:06:33,135.2,135.21
450,2023-05-09 00:06:37,135.198,135.208
451,2023-05-09 00:06:39,135.194,135.204
452,2023-05-09 00:06:40,135.1945,135.2045
454,2023-05-09 00:06:43,135.195,135.205
455,2023-05-09 00:06:46,135.198,135.208
456,2023-05-09 00:06:47,135.199,135.209
457,2023-05-09 00:06:49,135.2,135.21
458,2023-05-09 00:06:50,135.197,135.207
459,2023-05-09 00:06:51,135.1945,135.2045
461,2023-05-09 00:06:53,135.194,135.204
462,2023-05-09 00:06:58,135.188,135.198
465,2023-05-09 00:06:59,135.199,135.209
468,2023-05-09 00:07:00,135.2015,135.2115
472,2023-05-09 00:07:02,135.203,135.213
475,2023-05-09 00:07:03,135.2025,135.21249999999998
477,2023-05-09 00:07:05,135.2055,135.21550000000002
479,2023-05-09 00:07:06,135.206,135.216
480,2023-05-09 00:07:09,135.205,135.215
481,2023-05-09 00:07:10,135.199,135.209
482,2023-05-09 00:07:11,135.20350000000002,135.2135
484,2023-05-09 00:07:12,135.2015,135.2115
486,2023-05-09 00:07:14,135.203,135.213
487,2023-05-09 00:07:15,135.206,135.216
488,2023-05-09 00:07:16,135.20049999999998,135.21050000000002
490,2023-05-09 00:07:18,135.201,135.211
491,2023-05-09 00:07:19,135.2025,135.21249999999998
493,2023-05-09 00:07:20,135.206,135.216
496,2023-05-09 00:07:21,135.207,135.217
497,2023-05-09 00:07:22,135.206,135.216
501,2023-05-09 00:07:25,135.2,135.21
502,2023-05-09 00:07:29,135.2025,135.21249999999998
504,2023-05-09 00:07:30,135.202,135.212
505,2023-05-09 00:07:31,135.2035,135.2135
507,2023-05-09 00:07:32,135.2,135.21
508,2023-05-09 00:07:33,135.203,135.213
511,2023-05-09 00:07:34,135.208,135.218
512,2023-05-09 00:07:36,135.207,135.217
513,2023-05-09 00:07:40,135.2005,135.2105
515,2023-05-09 00:07:41,135.196,135.206
521,2023-05-09 00:07:42,135.197,135.207
522,2023-05-09 00:07:43,135.196,135.20600000000002
524,2023-05-09 00:07:44,135.197,135.207
526,2023-05-09 00:07:45,135.197,135.207
527,2023-05-09 00:07:46,135.204,135.214
530,2023-05-09 00:07:47,135.203,135.213
533,2023-05-09 00:07:49,135.199,135.209
534,2023-05-09 00:07:52,135.195,135.205
539,2023-05-09 00:07:54,135.195,135.20499999999998
541,2023-05-09 00:07:55,135.197,135.207
546,2023-05-09 00:07:56,135.198,135.208
547,2023-05-09 00:07:57,135.19850000000002,135.20850000000002
549,2023-05-09 00:07:59,135.19850000000002,135.20850000000002
551,2023-05-09 00:08:00,135.198,135.208
552,2023-05-09 00:08:01,135.1975,135.20749999999998
554,2023-05-09 00:08:03,135.2025,135.21249999999998
556,2023-05-09 00:08:04,135.2065,135.2165
562,2023-05-09 00:08:05,135.2045,135.2145
566,2023-05-09 00:08:06,135.20749999999998,135.2175
568,2023-05-09 00:08:08,135.207,135.217
569,2023-05-09 00:08:11,135.20850000000002,135.2185
573,2023-05-09 00:08:12,135.20850000000002,135.2185
575,2023-05-09 00:08:15,135.207,135.217
576,2023-05-09 00:08:16,135.2065,135.2165
578,2023-05-09 00:08:17,135.208,135.218
579,2023-05-09 00:08:19,135.21249999999998,135.22250000000003
581,2023-05-09 00:08:20,135.2175,135.22750000000002
583,2023-05-09 00:08:23,135.2175,135.22750000000002
585,2023-05-09 00:08:27,135.2165,135.2265
587,2023-05-09 00:08:32,135.221,135.231
589,2023-05-09 00:08:41,135.22,135.23
590,2023-05-09 00:08:43,135.219,135.229
591,2023-05-09 00:08:45,135.22,135.23
594,2023-05-09 00:08:46,135.223,135.233
598,2023-05-09 00:08:49,135.225,135.235
599,2023-05-09 00:08:54,135.226,135.236
600,2023-05-09 00:08:57,135.227,135.237
601,2023-05-09 00:08:59,135.241,135.251
606,2023-05-09 00:09:00,135.245,135.255
609,2023-05-09 00:09:01,135.246,135.256
612,2023-05-09 00:09:02,135.25349999999997,135.26350000000002
614,2023-05-09 00:09:03,135.251,135.261
617,2023-05-09 00:09:04,135.25,135.26
619,2023-05-09 00:09:05,135.248,135.258
620,2023-05-09 00:09:07,135.2495,135.2595
624,2023-05-09 00:09:09,135.25150000000002,135.2615
626,2023-05-09 00:09:10,135.25349999999997,135.26350000000002
628,2023-05-09 00:09:11,135.2525,135.2625
630,2023-05-09 00:09:12,135.2475,135.2575
632,2023-05-09 00:09:14,135.246,135.256
635,2023-05-09 00:09:15,135.2535,135.2635
637,2023-05-09 00:09:17,135.249,135.259
640,2023-05-09 00:09:18,135.249,135.259
641,2023-05-09 00:09:21,135.252,135.262
643,2023-05-09 00:09:22,135.254,135.264
646,2023-05-09 00:09:24,135.255,135.265
647,2023-05-09 00:09:27,135.254,135.264
648,2023-05-09 00:09:28,135.253,135.263
649,2023-05-09 00:09:31,135.252,135.262
650,2023-05-09 00:09:33,135.24849999999998,135.2585
654,2023-05-09 00:09:34,135.246,135.256
657,2023-05-09 00:09:35,135.245,135.255
658,2023-05-09 00:09:37,135.247,135.257
659,2023-05-09 00:09:38,135.251,135.261
662,2023-05-09 00:09:39,135.248,135.258
663,2023-05-09 00:09:40,135.253,135.263
666,2023-05-09 00:09:44,135.25099999999998,135.261
668,2023-05-09 00:09:45,135.248,135.258
669,2023-05-09 00:09:46,135.252,135.262
670,2023-05-09 00:09:52,135.258,135.268
671,2023-05-09 00:09:57,135.249,135.259
672,2023-05-09 00:09:58,135.252,135.262
677,2023-05-09 00:09:59,135.249,135.259
678,2023-05-09 00:10:00,135.248,135.25799999999998
680,2023-05-09 00:10:02,135.249,135.259
681,2023-05-09 00:10:07,135.248,135.258
682,2023-05-09 00:10:08,135.249,135.259
683,2023-05-09 00:10:10,135.248,135.258
684,2023-05-09 00:10:11,135.247,135.257
685,2023-05-09 00:10:12,135.248,135.258
686,2023-05-09 00:10:13,135.247,135.257
687,2023-05-09 00:10:25,135.246,135.256
688,2023-05-09 00:10:26,135.2545,135.2645
690,2023-05-09 00:10:27,135.254,135.264
691,2023-05-09 00:10:29,135.247,135.257
692,2023-05-09 00:10:32,135.2455,135.25549999999998
694,2023-05-09 00:10:34,135.248,135.25799999999998
696,2023-05-09 00:10:35,135.25,135.26
697,2023-05-09 00:10:36,135.252,135.262
699,2023-05-09 00:10:37,135.2545,135.2645
701,2023-05-09 00:10:38,135.256,135.266
702,2023-05-09 00:10:40,135.249,135.259
705,2023-05-09 00:10:45,135.247,135.257
706,2023-05-09 00:10:47,135.248,135.258
707,2023-05-09 00:10:48,135.241,135.251
708,2023-05-09 00:10:52,135.24,135.25
709,2023-05-09 00:10:53,135.245,135.255
710,2023-05-09 00:10:54,135.245,135.255
713,2023-05-09 00:10:55,135.24650000000003,135.25650000000002
715,2023-05-09 00:10:56,135.244,135.254
716,2023-05-09 00:10:58,135.249,135.259
719,2023-05-09 00:10:59,135.253,135.263
720,2023-05-09 00:11:00,135.25099999999998,135.261
722,2023-05-09 00:11:01,135.251,135.261
723,2023-05-09 00:11:03,135.25150000000002,135.2615
725,2023-05-09 00:11:04,135.2505,135.26049999999998
727,2023-05-09 00:11:05,135.247,135.257
730,2023-05-09 00:11:08,135.244,135.254
731,2023-05-09 00:11:11,135.2355,135.2455
733,2023-05-09 00:11:12,135.233,135.243
734,2023-05-09 00:11:16,135.22750000000002,135.2375
738,2023-05-09 00:11:23,135.23149999999998,135.2415
740,2023-05-09 00:11:24,135.233,135.243
741,2023-05-09 00:11:25,135.23250000000002,135.2425
743,2023-05-09 00:11:26,135.234,135.244
744,2023-05-09 00:11:27,135.23250000000002,135.2425
748,2023-05-09 00:11:28,135.23250000000002,135.2425
750,2023-05-09 00:11:29,135.23250000000002,135.2425
752,2023-05-09 00:11:30,135.231,135.241
753,2023-05-09 00:11:31,135.23149999999998,135.2415
755,2023-05-09 00:11:32,135.232,135.242
756,2023-05-09 00:11:35,135.23250000000002,135.2425
758,2023-05-09 00:11:36,135.2335,135.2435
760,2023-05-09 00:11:37,135.239,135.249
764,2023-05-09 00:11:38,135.241,135.251
765,2023-05-09 00:11:39,135.2415,135.25150000000002
767,2023-05-09 00:11:40,135.2425,135.2525
769,2023-05-09 00:11:41,135.243,135.253
772,2023-05-09 00:11:42,135.243,135.253
773,2023-05-09 00:11:44,135.2505,135.26049999999998
775,2023-05-09 00:11:45,135.25,135.26
776,2023-05-09 00:11:52,135.252,135.262
780,2023-05-09 00:11:58,135.258,135.268
781,2023-05-09 00:11:59,135.255,135.265
782,2023-05-09 00:12:01,135.244,135.254
787,2023-05-09 00:12:03,135.2505,135.26049999999998
791,2023-05-09 00:12:04,135.254,135.264
794,2023-05-09 00:12:06,135.253,135.263
795,2023-05-09 00:12:07,135.256,135.266
798,2023-05-09 00:12:11,135.252,135.262
800,2023-05-09 00:12:13,135.254,135.264
801,2023-05-09 00:12:14,135.255,135.265
802,2023-05-09 00:12:18,135.254,135.264
803,2023-05-09 00:12:20,135.26,135.27
804,2023-05-09 00:12:23,135.261,135.271
805,2023-05-09 00:12:27,135.25549999999998,135.26549999999997
807,2023-05-09 00:12:31,135.252,135.262
808,2023-05-09 00:12:33,135.253,135.263
809,2023-05-09 00:12:36,135.258,135.268
812,2023-05-09 00:12:39,135.252,135.262
813,2023-05-09 00:12:43,135.253,135.263
814,2023-05-09 00:12:44,135.253,135.263
820,2023-05-09 00:12:45,135.259,135.269
821,2023-05-09 00:12:46,135.256,135.266
822,2023-05-09 00:12:47,135.255,135.265
823,2023-05-09 00:12:48,135.26,135.26999999999998
825,2023-05-09 00:12:49,135.262,135.272
826,2023-05-09 00:12:52,135.269,135.279
831,2023-05-09 00:12:53,135.271,135.281
832,2023-05-09 00:12:54,135.276,135.286
834,2023-05-09 00:12:55,135.281,135.291
835,2023-05-09 00:12:57,135.283,135.293
836,2023-05-09 00:12:58,135.284,135.294
837,2023-05-09 00:12:59,135.281,135.291
838,2023-05-09 00:13:00,135.281,135.291
839,2023-05-09 00:13:02,135.282,135.292
840,2023-05-09 00:13:03,135.2835,135.2935
842,2023-05-09 00:13:04,135.281,135.291
843,2023-05-09 00:13:05,135.285,135.29500000000002
845,2023-05-09 00:13:06,135.2905,135.3005
847,2023-05-09 00:13:08,135.292,135.302
848,2023-05-09 00:13:10,135.29,135.3
849,2023-05-09 00:13:11,135.291,135.301
852,2023-05-09 00:13:12,135.291,135.301
855,2023-05-09 00:13:14,135.29,135.3
856,2023-05-09 00:13:15,135.292,135.302
857,2023-05-09 00:13:16,135.29,135.3
860,2023-05-09 00:13:20,135.289,135.299
863,2023-05-09 00:13:21,135.289,135.299
865,2023-05-09 00:13:22,135.286,135.296
866,2023-05-09 00:13:24,135.2825,135.29250000000002
868,2023-05-09 00:13:25,135.281,135.291
869,2023-05-09 00:13:26,135.279,135.289
872,2023-05-09 00:13:27,135.277,135.287
873,2023-05-09 00:13:28,135.272,135.282
874,2023-05-09 00:13:29,135.271,135.281
875,2023-05-09 00:13:39,135.28,135.29
878,2023-05-09 00:13:41,135.28,135.29
879,2023-05-09 00:13:50,135.281,135.291
880,2023-05-09 00:13:52,135.282,135.292
881,2023-05-09 00:13:53,135.281,135.291
882,2023-05-09 00:13:54,135.2815,135.29149999999998
884,2023-05-09 00:13:55,135.2825,135.29250000000002
886,2023-05-09 00:13:57,135.283,135.293
887,2023-05-09 00:14:00,135.283,135.293
888,2023-05-09 00:14:01,135.2825,135.29250000000002
890,2023-05-09 00:14:03,135.284,135.294
891,2023-05-09 00:14:05,135.288,135.298
893,2023-05-09 00:14:09,135.29,135.3
896,2023-05-09 00:14:13,135.28449999999998,135.2945
898,2023-05-09 00:14:16,135.28050000000002,135.2905
900,2023-05-09 00:14:23,135.281,135.291
904,2023-05-09 00:14:24,135.281,135.291
905,2023-05-09 00:14:25,135.282,135.292
906,2023-05-09 00:14:26,135.28,135.29
907,2023-05-09 00:14:28,135.28199999999998,135.292
909,2023-05-09 00:14:29,135.282,135.292
910,2023-05-09 00:14:31,135.284,135.294
911,2023-05-09 00:14:32,135.285,135.295
912,2023-05-09 00:14:34,135.286,135.296
914,2023-05-09 00:14:35,135.289,135.299
915,2023-05-09 00:14:36,135.299,135.309
918,2023-05-09 00:14:37,135.315,135.325
921,2023-05-09 00:14:38,135.314,135.324
924,2023-05-09 00:14:40,135.314,135.324
927,2023-05-09 00:14:41,135.315,135.325
928,2023-05-09 00:14:43,135.3185,135.32850000000002
930,2023-05-09 00:14:44,135.3195,135.3295
932,2023-05-09 00:14:45,135.3185,135.32850000000002
934,2023-05-09 00:14:46,135.3185,135.32850000000002
936,2023-05-09 00:14:47,135.318,135.328
937,2023-05-09 00:14:48,135.319,135.329
938,2023-05-09 00:14:49,135.32,135.33
941,2023-05-09 00:14:50,135.315,135.325
942,2023-05-09 00:14:53,135.321,135.331
945,2023-05-09 00:14:54,135.318,135.328
948,2023-05-09 00:14:55,135.317,135.327
949,2023-05-09 00:14:56,135.315,135.325
951,2023-05-09 00:14:57,135.31150000000002,135.32150000000001
953,2023-05-09 00:14:58,135.311,135.321
954,2023-05-09 00:14:59,135.30849999999998,135.3185
956,2023-05-09 00:15:00,135.306,135.316
957,2023-05-09 00:15:01,135.304,135.314
963,2023-05-09 00:15:02,135.299,135.309
966,2023-05-09 00:15:03,135.2985,135.30849999999998
968,2023-05-09 00:15:04,135.289,135.299
971,2023-05-09 00:15:05,135.28449999999998,135.2945
973,2023-05-09 00:15:06,135.28449999999998,135.2945
975,2023-05-09 00:15:07,135.285,135.295
976,2023-05-09 00:15:08,135.28,135.29
977,2023-05-09 00:15:09,135.293,135.303
981,2023-05-09 00:15:10,135.2975,135.3075
983,2023-05-09 00:15:11,135.299,135.309
984,2023-05-09 00:15:12,135.3,135.31
985,2023-05-09 00:15:15,135.299,135.309
986,2023-05-09 00:15:16,135.298,135.308
987,2023-05-09 00:15:18,135.289,135.299
988,2023-05-09 00:15:19,135.28949999999998,135.29950000000002
990,2023-05-09 00:15:20,135.28949999999998,135.29950000000002
992,2023-05-09 00:15:21,135.288,135.298
993,2023-05-09 00:15:22,135.289,135.299
994,2023-05-09 00:15:27,135.288,135.298
995,2023-05-09 00:15:29,135.2885,135.2985
997,2023-05-09 00:15:32,135.283,135.293
998,2023-05-09 00:15:33,135.284,135.294
1001,2023-05-09 00:15:34,135.288,135.298
1005,2023-05-09 00:15:36,135.29,135.3
1006,2023-05-09 00:15:37,135.2885,135.2985
1008,2023-05-09 00:15:38,135.289,135.299
1009,2023-05-09 00:15:40,135.288,135.298
1010,2023-05-09 00:15:41,135.289,135.299
1011,2023-05-09 00:15:42,135.2875,135.2975
1013,2023-05-09 00:15:44,135.29,135.3
1015,2023-05-09 00:15:45,135.28949999999998,135.29950000000002
1017,2023-05-09 00:15:49,135.286,135.296
1018,2023-05-09 00:15:50,135.28449999999998,135.2945
1020,2023-05-09 00:15:51,135.289,135.299
1023,2023-05-09 00:15:53,135.29,135.3
1024,2023-05-09 00:15:55,135.289,135.299
1025,2023-05-09 00:15:56,135.29,135.3
1028,2023-05-09 00:15:57,135.291,135.301
1029,2023-05-09 00:15:59,135.29,135.3
1030,2023-05-09 00:16:00,135.29,135.3
1033,2023-05-09 00:16:01,135.286,135.296
1035,2023-05-09 00:16:03,135.285,135.295
1038,2023-05-09 00:16:05,135.287,135.297
1041,2023-05-09 00:16:07,135.2865,135.29649999999998
1045,2023-05-09 00:16:08,135.287,135.297
1047,2023-05-09 00:16:09,135.288,135.298
1048,2023-05-09 00:16:15,135.285,135.295
1049,2023-05-09 00:16:17,135.284,135.294
1050,2023-05-09 00:16:21,135.285,135.295
1051,2023-05-09 00:16:26,135.288,135.298
1052,2023-05-09 00:16:28,135.2885,135.2985
1054,2023-05-09 00:16:29,135.287,135.297
1055,2023-05-09 00:16:30,135.2885,135.2985
1057,2023-05-09 00:16:33,135.291,135.301
1058,2023-05-09 00:16:34,135.296,135.306
1059,2023-05-09 00:16:41,135.2895,135.2995
1061,2023-05-09 00:16:42,135.289,135.299
1062,2023-05-09 00:16:43,135.293,135.303
1065,2023-05-09 00:16:44,135.29,135.3
1066,2023-05-09 00:16:45,135.295,135.305
1067,2023-05-09 00:16:46,135.29250000000002,135.3025
1071,2023-05-09 00:16:47,135.293,135.303
1072,2023-05-09 00:16:49,135.292,135.302
1075,2023-05-09 00:16:50,135.288,135.298
1076,2023-05-09 00:16:51,135.289,135.299
1077,2023-05-09 00:16:52,135.288,135.298
1078,2023-05-09 00:16:53,135.287,135.297
1079,2023-05-09 00:16:54,135.288,135.298
1080,2023-05-09 00:16:55,135.28750000000002,135.2975
1082,2023-05-09 00:16:56,135.2955,135.3055
1084,2023-05-09 00:16:57,135.295,135.305
1085,2023-05-09 00:17:00,135.295,135.305
1086,2023-05-09 00:17:02,135.291,135.301
1087,2023-05-09 00:17:03,135.28750000000002,135.2975
1089,2023-05-09 00:17:04,135.287,135.297
1091,2023-05-09 00:17:05,135.289,135.299
1092,2023-05-09 00:17:13,135.29,135.3
1093,2023-05-09 00:17:15,135.289,135.299
1094,2023-05-09 00:17:16,135.28449999999998,135.2945
1096,2023-05-09 00:17:17,135.2865,135.29649999999998
1098,2023-05-09 00:17:18,135.288,135.298
1099,2023-05-09 00:17:26,135.28449999999998,135.2945
1101,2023-05-09 00:17:29,135.289,135.299
1102,2023-05-09 00:17:33,135.287,135.297
1103,2023-05-09 00:17:38,135.2865,135.29649999999998
1105,2023-05-09 00:17:41,135.289,135.299
1107,2023-05-09 00:17:42,135.291,135.301
1108,2023-05-09 00:17:43,135.2905,135.3005
1110,2023-05-09 00:17:44,135.2905,135.3005
1112,2023-05-09 00:17:45,135.29,135.3
1113,2023-05-09 00:17:47,135.283,135.293
1116,2023-05-09 00:17:50,135.279,135.289
1117,2023-05-09 00:17:51,135.281,135.291
1120,2023-05-09 00:17:52,135.283,135.293
1123,2023-05-09 00:17:53,135.281,135.291
1126,2023-05-09 00:17:56,135.2885,135.2985
1128,2023-05-09 00:17:58,135.289,135.299
1131,2023-05-09 00:17:59,135.291,135.301
1132,2023-05-09 00:18:00,135.2905,135.3005
1134,2023-05-09 00:18:02,135.28949999999998,135.29950000000002
1138,2023-05-09 00:18:03,135.2905,135.3005
1140,2023-05-09 00:18:05,135.289,135.299
1141,2023-05-09 00:18:06,135.28949999999998,135.29950000000002
1143,2023-05-09 00:18:07,135.288,135.298
1144,2023-05-09 00:18:11,135.289,135.299
1145,2023-05-09 00:18:13,135.28949999999998,135.29950000000002
1147,2023-05-09 00:18:14,135.29,135.3
1148,2023-05-09 00:18:15,135.287,135.297
1149,2023-05-09 00:18:16,135.288,135.298
1150,2023-05-09 00:18:18,135.28750000000002,135.2975
1152,2023-05-09 00:18:27,135.287,135.297
1153,2023-05-09 00:18:28,135.284,135.294
1154,2023-05-09 00:18:32,135.2865,135.29649999999998
1156,2023-05-09 00:18:34,135.285,135.295
1157,2023-05-09 00:18:36,135.279,135.289
1158,2023-05-09 00:18:37,135.28,135.29
1159,2023-05-09 00:18:38,135.27550000000002,135.2855
1161,2023-05-09 00:18:39,135.273,135.28300000000002
1163,2023-05-09 00:18:40,135.273,135.283
1164,2023-05-09 00:18:42,135.28,135.29
1166,2023-05-09 00:18:43,135.27949999999998,135.28949999999998
1168,2023-05-09 00:18:45,135.281,135.291
1169,2023-05-09 00:18:46,135.28,135.29
1170,2023-05-09 00:18:48,135.28050000000002,135.2905
1172,2023-05-09 00:18:51,135.279,135.289
1173,2023-05-09 00:18:52,135.28,135.29
1174,2023-05-09 00:18:57,135.279,135.289
1175,2023-05-09 00:18:58,135.2785,135.2885
1177,2023-05-09 00:19:00,135.278,135.288
1178,2023-05-09 00:19:01,135.275,135.285
1181,2023-05-09 00:19:02,135.272,135.282
1182,2023-05-09 00:19:03,135.27,135.28
1183,2023-05-09 00:19:09,135.272,135.282
1184,2023-05-09 00:19:10,135.26850000000002,135.2785
1188,2023-05-09 00:19:11,135.264,135.274
1189,2023-05-09 00:19:13,135.264,135.274
1192,2023-05-09 00:19:15,135.26350000000002,135.2735
1194,2023-05-09 00:19:16,135.26350000000002,135.2735
1196,2023-05-09 00:19:17,135.263,135.273
1197,2023-05-09 00:19:18,135.262,135.272
1198,2023-05-09 00:19:23,135.263,135.273
1199,2023-05-09 00:19:25,135.262,135.272
1200,2023-05-09 00:19:29,135.2615,135.2715
1204,2023-05-09 00:19:30,135.256,135.266
1205,2023-05-09 00:19:31,135.25,135.26
1206,2023-05-09 00:19:32,135.25150000000002,135.2615
1208,2023-05-09 00:19:34,135.25150000000002,135.2615
1210,2023-05-09 00:19:36,135.242,135.252
1213,2023-05-09 00:19:37,135.2425,135.2525
1215,2023-05-09 00:19:39,135.243,135.253
1219,2023-05-09 00:19:40,135.2425,135.2525
1221,2023-05-09 00:19:41,135.246,135.256
1224,2023-05-09 00:19:42,135.25,135.26
1227,2023-05-09 00:19:43,135.246,135.256
1228,2023-05-09 00:19:46,135.245,135.255
1229,2023-05-09 00:19:47,135.246,135.256
1230,2023-05-09 00:19:48,135.245,135.255
1231,2023-05-09 00:19:49,135.24349999999998,135.25349999999997
1233,2023-05-09 00:19:53,135.244,135.254
1234,2023-05-09 00:19:54,135.2425,135.2525
1236,2023-05-09 00:19:56,135.243,135.253
1237,2023-05-09 00:19:57,135.242,135.252
1238,2023-05-09 00:19:58,135.238,135.248
1241,2023-05-09 00:19:59,135.234,135.244
1244,2023-05-09 00:20:00,135.2285,135.2385
1248,2023-05-09 00:20:03,135.22750000000002,135.2375
1250,2023-05-09 00:20:04,135.234,135.244
1253,2023-05-09 00:20:05,135.23450000000003,135.24450000000002
1255,2023-05-09 00:20:06,135.234,135.244
1256,2023-05-09 00:20:07,135.236,135.246
1258,2023-05-09 00:20:11,135.2385,135.24849999999998
1260,2023-05-09 00:20:12,135.238,135.248
1261,2023-05-09 00:20:15,135.2385,135.24849999999998
1263,2023-05-09 00:20:19,135.238,135.248
1265,2023-05-09 00:20:20,135.238,135.248
1266,2023-05-09 00:20:25,135.2375,135.2475
1268,2023-05-09 00:20:28,135.239,135.249
1269,2023-05-09 00:20:30,135.24,135.25
1270,2023-05-09 00:20:31,135.239,135.249
1271,2023-05-09 00:20:33,135.24,135.25
1272,2023-05-09 00:20:40,135.239,135.249
1273,2023-05-09 00:20:41,135.242,135.252
1274,2023-05-09 00:20:42,135.247,135.257
1276,2023-05-09 00:20:43,135.246,135.256
1279,2023-05-09 00:20:45,135.246,135.256
1280,2023-05-09 00:20:46,135.247,135.257
1281,2023-05-09 00:20:48,135.246,135.256
1282,2023-05-09 00:20:49,135.247,135.257
1283,2023-05-09 00:20:50,135.246,135.256
1284,2023-05-09 00:20:51,135.253,135.263
1287,2023-05-09 00:20:52,135.25349999999997,135.26350000000002
1289,2023-05-09 00:20:53,135.254,135.264
1290,2023-05-09 00:20:55,135.255,135.265
1293,2023-05-09 00:20:56,135.25650000000002,135.2665
1295,2023-05-09 00:20:57,135.256,135.266
1296,2023-05-09 00:20:58,135.255,135.265
1297,2023-05-09 00:21:00,135.25549999999998,135.26549999999997
1299,2023-05-09 00:21:01,135.25799999999998,135.268
1301,2023-05-09 00:21:03,135.258,135.268
1302,2023-05-09 00:21:06,135.257,135.267
1303,2023-05-09 00:21:07,135.256,135.266
1306,2023-05-09 00:21:09,135.25549999999998,135.26549999999997
1308,2023-05-09 00:21:10,135.255,135.265
1309,2023-05-09 00:21:11,135.256,135.266
1310,2023-05-09 00:21:12,135.25650000000002,135.2665
1312,2023-05-09 00:21:15,135.2595,135.2695
1316,2023-05-09 00:21:16,135.264,135.274
1317,2023-05-09 00:21:17,135.26549999999997,135.27550000000002
1319,2023-05-09 00:21:19,135.266,135.276
1320,2023-05-09 00:21:20,135.2665,135.2765
1322,2023-05-09 00:21:22,135.264,135.274
1323,2023-05-09 00:21:24,135.26549999999997,135.27550000000002
1325,2023-05-09 00:21:25,135.268,135.278
1327,2023-05-09 00:21:26,135.26549999999997,135.27550000000002
1329,2023-05-09 00:21:27,135.26549999999997,135.27550000000002
1331,2023-05-09 00:21:31,135.26850000000002,135.2785
1333,2023-05-09 00:21:32,135.27,135.28
1334,2023-05-09 00:21:36,135.26850000000002,135.2785
1338,2023-05-09 00:21:37,135.27,135.28
1339,2023-05-09 00:21:38,135.272,135.282
1340,2023-05-09 00:21:41,135.2735,135.2835
1342,2023-05-09 00:21:44,135.273,135.283
1343,2023-05-09 00:21:45,135.272,135.282
1344,2023-05-09 00:21:46,135.273,135.283
1347,2023-05-09 00:21:50,135.274,135.284
1348,2023-05-09 00:21:51,135.273,135.283
1349,2023-05-09 00:21:52,135.274,135.284
1350,2023-05-09 00:21:57,135.273,135.283
1351,2023-05-09 00:21:59,135.274,135.284
1352,2023-05-09 00:22:00,135.274,135.284
1353,2023-05-09 00:22:01,135.27249999999998,135.2825
1355,2023-05-09 00:22:02,135.273,135.283
1356,2023-05-09 00:22:08,135.272,135.282
1357,2023-05-09 00:22:10,135.2705,135.28050000000002
1359,2023-05-09 00:22:12,135.272,135.282
1360,2023-05-09 00:22:13,135.273,135.283
1361,2023-05-09 00:22:20,135.275,135.285
1362,2023-05-09 00:22:26,135.276,135.286
1363,2023-05-09 00:22:28,135.2765,135.2865
1365,2023-05-09 00:22:29,135.277,135.287
1366,2023-05-09 00:22:30,135.28050000000002,135.2905
1368,2023-05-09 00:22:31,135.289,135.299
1372,2023-05-09 00:22:36,135.287,135.297
1373,2023-05-09 00:22:37,135.288,135.298
1374,2023-05-09 00:22:43,135.288,135.298
1376,2023-05-09 00:22:46,135.288,135.298
1377,2023-05-09 00:22:47,135.289,135.299
1378,2023-05-09 00:22:52,135.29,135.3
1379,2023-05-09 00:22:55,135.28949999999998,135.29950000000002
1381,2023-05-09 00:22:56,135.289,135.299
1382,2023-05-09 00:22:57,135.29,135.3
1385,2023-05-09 00:23:01,135.289,135.299
1387,2023-05-09 00:23:07,135.291,135.301
1389,2023-05-09 00:23:08,135.29149999999998,135.30149999999998
1391,2023-05-09 00:23:09,135.29,135.3
1392,2023-05-09 00:23:10,135.292,135.302
1394,2023-05-09 00:23:11,135.289,135.299
1396,2023-05-09 00:23:14,135.28,135.29
1399,2023-05-09 00:23:16,135.28,135.29
1400,2023-05-09 00:23:17,135.28300000000002,135.293
1402,2023-05-09 00:23:18,135.283,135.293
1405,2023-05-09 00:23:19,135.288,135.298
1408,2023-05-09 00:23:21,135.295,135.305
1409,2023-05-09 00:23:22,135.2945,135.30450000000002
1411,2023-05-09 00:23:26,135.294,135.304
1414,2023-05-09 00:23:27,135.2935,135.30349999999999
1416,2023-05-09 00:23:29,135.293,135.303
1420,2023-05-09 00:23:30,135.291,135.301
1421,2023-05-09 00:23:33,135.291,135.301
1425,2023-05-09 00:23:34,135.29,135.3
1426,2023-05-09 00:23:35,135.291,135.301
1427,2023-05-09 00:23:37,135.29,135.3
1430,2023-05-09 00:23:40,135.289,135.299
1431,2023-05-09 00:23:41,135.2885,135.2985
1433,2023-05-09 00:23:50,135.2845,135.2945
1435,2023-05-09 00:23:51,135.28,135.29
1438,2023-05-09 00:23:57,135.281,135.291
1441,2023-05-09 00:23:58,135.28,135.29
1442,2023-05-09 00:24:00,135.2815,135.29149999999998
1446,2023-05-09 00:24:01,135.283,135.293
1447,2023-05-09 00:24:02,135.2815,135.29149999999998
1449,2023-05-09 00:24:03,135.282,135.292
1452,2023-05-09 00:24:06,135.282,135.292
1455,2023-05-09 00:24:08,135.28050000000002,135.2905
1457,2023-05-09 00:24:09,135.283,135.293
1458,2023-05-09 00:24:13,135.281,135.291
1459,2023-05-09 00:24:15,135.283,135.293
1460,2023-05-09 00:24:16,135.28,135.29
1461,2023-05-09 00:24:21,135.282,135.292
1462,2023-05-09 00:24:22,135.281,135.291
1463,2023-05-09 00:24:27,135.282,135.292
1464,2023-05-09 00:24:28,135.281,135.291
1465,2023-05-09 00:24:29,135.28,135.29
1466,2023-05-09 00:24:30,135.281,135.291
1467,2023-05-09 00:24:32,135.282,135.292
1468,2023-05-09 00:24:34,135.2855,135.2955
1470,2023-05-09 00:24:35,135.28449999999998,135.2945
1472,2023-05-09 00:24:37,135.28750000000002,135.2975
1474,2023-05-09 00:24:38,135.289,135.299
1475,2023-05-09 00:24:39,135.29,135.3
1476,2023-05-09 00:24:40,135.2885,135.2985
1478,2023-05-09 00:24:41,135.2885,135.2985
1480,2023-05-09 00:24:42,135.28949999999998,135.29950000000002
1482,2023-05-09 00:24:57,135.289,135.299
1483,2023-05-09 00:24:59,135.28750000000002,135.2975
1485,2023-05-09 00:25:00,135.288,135.298
1486,2023-05-09 00:25:06,135.289,135.299
1487,2023-05-09 00:25:07,135.29,135.3
1488,2023-05-09 00:25:08,135.29950000000002,135.3095
1490,2023-05-09 00:25:09,135.299,135.309
1491,2023-05-09 00:25:11,135.298,135.308
1492,2023-05-09 00:25:12,135.296,135.306
1493,2023-05-09 00:25:13,135.292,135.302
1495,2023-05-09 00:25:14,135.293,135.303
1498,2023-05-09 00:25:15,135.295,135.305
1499,2023-05-09 00:25:16,135.296,135.306
1500,2023-05-09 00:25:17,135.29250000000002,135.3025
1502,2023-05-09 00:25:18,135.291,135.301
1503,2023-05-09 00:25:19,135.2935,135.30349999999999
1505,2023-05-09 00:25:22,135.293,135.303
1506,2023-05-09 00:25:26,135.2935,135.30349999999999
1510,2023-05-09 00:25:27,135.297,135.30700000000002
1512,2023-05-09 00:25:28,135.2945,135.30450000000002
1514,2023-05-09 00:25:30,135.295,135.305
1515,2023-05-09 00:25:32,135.2935,135.30349999999999
1517,2023-05-09 00:25:34,135.296,135.306
1518,2023-05-09 00:25:40,135.294,135.304
1519,2023-05-09 00:25:41,135.293,135.303
1520,2023-05-09 00:25:44,135.29500000000002,135.305
1522,2023-05-09 00:25:46,135.293,135.303
1523,2023-05-09 00:25:48,135.29,135.3
1526,2023-05-09 00:25:51,135.293,135.303
1527,2023-05-09 00:25:53,135.29,135.3
1528,2023-05-09 00:26:00,135.29,135.3
1529,2023-05-09 00:26:05,135.289,135.299
1530,2023-05-09 00:26:10,135.28449999999998,135.2945
1532,2023-05-09 00:26:12,135.2885,135.2985
1534,2023-05-09 00:26:14,135.292,135.302
1536,2023-05-09 00:26:15,135.29149999999998,135.30149999999998
1538,2023-05-09 00:26:19,135.292,135.302
1539,2023-05-09 00:26:20,135.29,135.3
1540,2023-05-09 00:26:30,135.291,135.301
1541,2023-05-09 00:26:34,135.294,135.304
1542,2023-05-09 00:26:36,135.283,135.293
1543,2023-05-09 00:26:37,135.2835,135.2935
1545,2023-05-09 00:26:39,135.284,135.294
1546,2023-05-09 00:26:40,135.2825,135.29250000000002
1548,2023-05-09 00:26:41,135.278,135.288
1550,2023-05-09 00:26:46,135.2715,135.2815
1552,2023-05-09 00:26:47,135.269,135.279
1553,2023-05-09 00:26:48,135.268,135.278
1554,2023-05-09 00:26:49,135.2705,135.28050000000002
1556,2023-05-09 00:26:50,135.273,135.283
1557,2023-05-09 00:26:51,135.279,135.289
1561,2023-05-09 00:26:52,135.28050000000002,135.2905
1563,2023-05-09 00:26:54,135.28050000000002,135.2905
1565,2023-05-09 00:26:55,135.27949999999998,135.28949999999998
1567,2023-05-09 00:26:56,135.279,135.289
1568,2023-05-09 00:27:00,135.28,135.29
1569,2023-05-09 00:27:01,135.281,135.291
1570,2023-05-09 00:27:02,135.28,135.29
1571,2023-05-09 00:27:04,135.281,135.291
1572,2023-05-09 00:27:05,135.28,135.29
1573,2023-05-09 00:27:07,135.281,135.291
1574,2023-05-09 00:27:08,135.28,135.29
1575,2023-05-09 00:27:09,135.2785,135.2885
1577,2023-05-09 00:27:10,135.28,135.29
1580,2023-05-09 00:27:11,135.28,135.29
1581,2023-05-09 00:27:12,135.279,135.289
1582,2023-05-09 00:27:16,135.28,135.29
1583,2023-05-09 00:27:21,135.2815,135.29149999999998
1585,2023-05-09 00:27:22,135.2815,135.29149999999998
1587,2023-05-09 00:27:24,135.281,135.291
1588,2023-05-09 00:27:25,135.28,135.29
1589,2023-05-09 00:27:26,135.281,135.291
1590,2023-05-09 00:27:27,135.28,135.29
1591,2023-05-09 00:27:28,135.28050000000002,135.2905
1593,2023-05-09 00:27:29,135.28050000000002,135.2905
1595,2023-05-09 00:27:32,135.279,135.289
1596,2023-05-09 00:27:36,135.28,135.29
1597,2023-05-09 00:27:37,135.281,135.291
1598,2023-05-09 00:27:38,135.27949999999998,135.28949999999998
1600,2023-05-09 00:27:42,135.2785,135.2885
1602,2023-05-09 00:27:46,135.278,135.288
1603,2023-05-09 00:27:55,135.285,135.295
1606,2023-05-09 00:27:56,135.285,135.295
1607,2023-05-09 00:27:57,135.281,135.291
1610,2023-05-09 00:27:58,135.281,135.291
1611,2023-05-09 00:27:59,135.279,135.289
1613,2023-05-09 00:28:00,135.2785,135.2885
1615,2023-05-09 00:28:04,135.28,135.29
1616,2023-05-09 00:28:07,135.279,135.289
1617,2023-05-09 00:28:11,135.272,135.28199999999998
1619,2023-05-09 00:28:12,135.2715,135.2815
1623,2023-05-09 00:28:13,135.272,135.282
1624,2023-05-09 00:28:14,135.2715,135.2815
1626,2023-05-09 00:28:16,135.2715,135.2815
1628,2023-05-09 00:28:17,135.277,135.287
1631,2023-05-09 00:28:19,135.279,135.289
1632,2023-05-09 00:28:22,135.278,135.288
1635,2023-05-09 00:28:23,135.28750000000002,135.2975
1637,2023-05-09 00:28:24,135.289,135.299
1638,2023-05-09 00:28:25,135.294,135.304
1639,2023-05-09 00:28:26,135.301,135.311
1640,2023-05-09 00:28:28,135.29950000000002,135.3095
1642,2023-05-09 00:28:30,135.30149999999998,135.31150000000002
1644,2023-05-09 00:28:32,135.3,135.31
1645,2023-05-09 00:28:35,135.299,135.309
1646,2023-05-09 00:28:36,135.302,135.312
1647,2023-05-09 00:28:39,135.3,135.31
1648,2023-05-09 00:28:42,135.2985,135.30849999999998
1650,2023-05-09 00:28:43,135.299,135.309
1653,2023-05-09 00:28:44,135.299,135.309
1654,2023-05-09 00:28:46,135.301,135.311
1655,2023-05-09 00:28:50,135.3,135.31
1656,2023-05-09 00:28:51,135.299,135.309
1657,2023-05-09 00:29:00,135.3,135.31
1659,2023-05-09 00:29:02,135.302,135.312
1660,2023-05-09 00:29:03,135.304,135.314
1661,2023-05-09 00:29:04,135.301,135.311
1664,2023-05-09 00:29:05,135.302,135.312
1665,2023-05-09 00:29:08,135.30149999999998,135.31150000000002
1667,2023-05-09 00:29:11,135.311,135.321
1668,2023-05-09 00:29:12,135.31,135.32
1669,2023-05-09 00:29:15,135.311,135.321
1670,2023-05-09 00:29:17,135.3105,135.32049999999998
1672,2023-05-09 00:29:18,135.314,135.324
1673,2023-05-09 00:29:20,135.315,135.325
1676,2023-05-09 00:29:21,135.32,135.33
1680,2023-05-09 00:29:22,135.313,135.323
1683,2023-05-09 00:29:23,135.311,135.321
1686,2023-05-09 00:29:24,135.31,135.32
1687,2023-05-09 00:29:30,135.3125,135.3225
1689,2023-05-09 00:29:38,135.317,135.327
1692,2023-05-09 00:29:39,135.3175,135.3275
1696,2023-05-09 00:29:42,135.316,135.326
1697,2023-05-09 00:29:44,135.317,135.327
1698,2023-05-09 00:29:46,135.316,135.326
1699,2023-05-09 00:29:47,135.314,135.324
1700,2023-05-09 00:29:53,135.31,135.32
1703,2023-05-09 00:29:54,135.309,135.319
1704,2023-05-09 00:29:55,135.30700000000002,135.317
1706,2023-05-09 00:29:59,135.3005,135.3105
1708,2023-05-09 00:30:00,135.2975,135.3075
1710,2023-05-09 00:30:02,135.2975,135.3075
1712,2023-05-09 00:30:03,135.299,135.309
1713,2023-05-09 00:30:04,135.298,135.308
1714,2023-05-09 00:30:07,135.2905,135.3005
1716,2023-05-09 00:30:08,135.2805,135.2905
1718,2023-05-09 00:30:09,135.279,135.289
1719,2023-05-09 00:30:10,135.275,135.285
1722,2023-05-09 00:30:11,135.279,135.289
1725,2023-05-09 00:30:12,135.2735,135.2835
1727,2023-05-09 00:30:14,135.27,135.28
1728,2023-05-09 00:30:15,135.271,135.281
1733,2023-05-09 00:30:17,135.27,135.28
1734,2023-05-09 00:30:19,135.262,135.272
1737,2023-05-09 00:30:20,135.26,135.27
1740,2023-05-09 00:30:21,135.26,135.27
1743,2023-05-09 00:30:22,135.26049999999998,135.2705
1745,2023-05-09 00:30:23,135.263,135.273
1747,2023-05-09 00:30:24,135.2715,135.2815
1751,2023-05-09 00:30:25,135.2695,135.27949999999998
1753,2023-05-09 00:30:26,135.276,135.286
1755,2023-05-09 00:30:30,135.281,135.291
1758,2023-05-09 00:30:31,135.287,135.297
1761,2023-05-09 00:30:32,135.287,135.297
1763,2023-05-09 00:30:33,135.286,135.296
1766,2023-05-09 00:30:35,135.288,135.298
1769,2023-05-09 00:30:40,135.289,135.299
1770,2023-05-09 00:30:42,135.29,135.3
1771,2023-05-09 00:30:50,135.289,135.299
1772,2023-05-09 00:30:54,135.29,135.3
1773,2023-05-09 00:30:59,135.291,135.301
1774,2023-05-09 00:31:00,135.291,135.301
1777,2023-05-09 00:31:01,135.29,135.3
1778,2023-05-09 00:31:02,135.2885,135.2985
1780,2023-05-09 00:31:06,135.291,135.301
1781,2023-05-09 00:31:10,135.29,135.3
1782,2023-05-09 00:31:13,135.291,135.301
1783,2023-05-09 00:31:14,135.298,135.308
1786,2023-05-09 00:31:15,135.3,135.31
1787,2023-05-09 00:31:18,135.299,135.309
1788,2023-05-09 00:31:19,135.29950000000002,135.3095
1790,2023-05-09 00:31:24,135.3,135.31
1791,2023-05-09 00:31:25,135.299,135.309
1792,2023-05-09 00:31:29,135.29950000000002,135.3095
1794,2023-05-09 00:31:40,135.298,135.308
1795,2023-05-09 00:31:41,135.289,135.299
1796,2023-05-09 00:31:42,135.283,135.293
1799,2023-05-09 00:31:46,135.282,135.292
1800,2023-05-09 00:31:47,135.28,135.29
1801,2023-05-09 00:31:54,135.278,135.288
1802,2023-05-09 00:31:56,135.277,135.287
1803,2023-05-09 00:31:57,135.271,135.281
1806,2023-05-09 00:31:58,135.26549999999997,135.27550000000002
1808,2023-05-09 00:31:59,135.266,135.276
1809,2023-05-09 00:32:00,135.266,135.276
1810,2023-05-09 00:32:01,135.268,135.278
1812,2023-05-09 00:32:02,135.268,135.278
1815,2023-05-09 00:32:03,135.271,135.281
1816,2023-05-09 00:32:04,135.26850000000002,135.2785
1818,2023-05-09 00:32:05,135.27,135.28
1819,2023-05-09 00:32:06,135.26749999999998,135.27749999999997
1821,2023-05-09 00:32:07,135.26549999999997,135.27550000000002
1825,2023-05-09 00:32:10,135.269,135.279
1826,2023-05-09 00:32:12,135.27,135.28
1827,2023-05-09 00:32:24,135.269,135.279
1828,2023-05-09 00:32:25,135.27,135.28
1829,2023-05-09 00:32:34,135.273,135.28300000000002
1831,2023-05-09 00:32:41,135.273,135.283
1832,2023-05-09 00:32:44,135.273,135.284
1833,2023-05-09 00:32:46,135.275,135.285
1834,2023-05-09 00:32:50,135.277,135.287
1835,2023-05-09 00:32:53,135.279,135.289
1836,2023-05-09 00:33:00,135.28,135.29
1838,2023-05-09 00:33:01,135.28,135.2905
1840,2023-05-09 00:33:04,135.279,135.289
1841,2023-05-09 00:33:05,135.2785,135.289
1843,2023-05-09 00:33:09,135.27749999999997,135.28750000000002
1845,2023-05-09 00:33:10,135.268,135.278
1850,2023-05-09 00:33:11,135.266,135.276
1852,2023-05-09 00:33:12,135.26850000000002,135.2785
1856,2023-05-09 00:33:13,135.274,135.284
1857,2023-05-09 00:33:16,135.27550000000002,135.286
1859,2023-05-09 00:33:17,135.275,135.285
1860,2023-05-09 00:33:19,135.279,135.289
1863,2023-05-09 00:33:25,135.28,135.29
1864,2023-05-09 00:33:30,135.279,135.289
1865,2023-05-09 00:33:31,135.279,135.29
1866,2023-05-09 00:33:35,135.2815,135.29149999999998
1868,2023-05-09 00:33:36,135.273,135.2835
1870,2023-05-09 00:33:37,135.267,135.277
1873,2023-05-09 00:33:38,135.27,135.28
1874,2023-05-09 00:33:39,135.271,135.282
1875,2023-05-09 00:33:40,135.272,135.2825
1877,2023-05-09 00:33:41,135.271,135.281
1878,2023-05-09 00:33:42,135.2705,135.2815
1880,2023-05-09 00:33:43,135.271,135.281
1881,2023-05-09 00:33:44,135.271,135.282
1882,2023-05-09 00:33:45,135.272,135.282
1883,2023-05-09 00:33:46,135.272,135.283
1884,2023-05-09 00:33:49,135.2715,135.282
1886,2023-05-09 00:33:50,135.271,135.281
1887,2023-05-09 00:33:53,135.271,135.282
1888,2023-05-09 00:33:55,135.271,135.281
1889,2023-05-09 00:34:00,135.271,135.281
1890,2023-05-09 00:34:02,135.27,135.281
1891,2023-05-09 00:34:06,135.271,135.281
1892,2023-05-09 00:34:13,135.27,135.281
1893,2023-05-09 00:34:16,135.268,135.279
1896,2023-05-09 00:34:18,135.2625,135.2735
1898,2023-05-09 00:34:22,135.262,135.27249999999998
1900,2023-05-09 00:34:31,135.2655,135.2755
1902,2023-05-09 00:34:32,135.2665,135.277
1906,2023-05-09 00:34:34,135.267,135.277
1909,2023-05-09 00:34:35,135.265,135.275
1910,2023-05-09 00:34:36,135.266,135.277
1911,2023-05-09 00:34:37,135.267,135.277
1912,2023-05-09 00:34:38,135.267,135.278
1914,2023-05-09 00:34:42,135.263,135.273
1915,2023-05-09 00:34:45,135.261,135.272
1916,2023-05-09 00:34:47,135.258,135.268
1919,2023-05-09 00:34:54,135.261,135.271
1920,2023-05-09 00:34:56,135.25799999999998,135.26850000000002
1922,2023-05-09 00:34:57,135.258,135.268
1923,2023-05-09 00:35:00,135.258,135.268
1924,2023-05-09 00:35:05,135.25150000000002,135.262
1926,2023-05-09 00:35:06,135.251,135.261
1927,2023-05-09 00:35:08,135.248,135.258
1928,2023-05-09 00:35:09,135.246,135.256
1929,2023-05-09 00:35:13,135.242,135.252
1930,2023-05-09 00:35:14,135.24,135.25
1933,2023-05-09 00:35:17,135.244,135.254
1934,2023-05-09 00:35:30,135.243,135.253
1935,2023-05-09 00:35:31,135.242,135.252
1936,2023-05-09 00:35:34,135.24,135.25
1937,2023-05-09 00:35:35,135.23950000000002,135.2495
1939,2023-05-09 00:35:36,135.238,135.249
1940,2023-05-09 00:35:38,135.24,135.25
1946,2023-05-09 00:35:40,135.239,135.249
1947,2023-05-09 00:35:41,135.239,135.25
1948,2023-05-09 00:35:42,135.23950000000002,135.25
1950,2023-05-09 00:35:44,135.238,135.249
1951,2023-05-09 00:35:45,135.24,135.25
1954,2023-05-09 00:35:46,135.242,135.252
1955,2023-05-09 00:35:47,135.24349999999998,135.25349999999997
1957,2023-05-09 00:35:48,135.243,135.253
1958,2023-05-09 00:35:50,135.243,135.254
1959,2023-05-09 00:35:54,135.24349999999998,135.254
1961,2023-05-09 00:35:56,135.243,135.253
1962,2023-05-09 00:35:57,135.244,135.254
1965,2023-05-09 00:36:00,135.244,135.254
1966,2023-05-09 00:36:01,135.246,135.256
1969,2023-05-09 00:36:03,135.244,135.254
1970,2023-05-09 00:36:06,135.248,135.258
1973,2023-05-09 00:36:08,135.245,135.255
1974,2023-05-09 00:36:09,135.244,135.255
1975,2023-05-09 00:36:10,135.245,135.255
1976,2023-05-09 00:36:11,135.24450000000002,135.255
1978,2023-05-09 00:36:17,135.24650000000003,135.25650000000002
1980,2023-05-09 00:36:18,135.24450000000002,135.2545
1982,2023-05-09 00:36:19,135.246,135.256
1983,2023-05-09 00:36:24,135.245,135.255
1984,2023-05-09 00:36:27,135.247,135.257
1985,2023-05-09 00:36:29,135.248,135.258
1986,2023-05-09 00:36:32,135.24849999999998,135.2585
1988,2023-05-09 00:36:33,135.25,135.26
1989,2023-05-09 00:36:34,135.249,135.259
1990,2023-05-09 00:36:35,135.2475,135.2575
1992,2023-05-09 00:36:40,135.24650000000003,135.25650000000002
1994,2023-05-09 00:36:41,135.246,135.256
1995,2023-05-09 00:36:43,135.247,135.257
1996,2023-05-09 00:36:45,135.245,135.255
1999,2023-05-09 00:36:49,135.244,135.254
2000,2023-05-09 00:36:52,135.244,135.255
2001,2023-05-09 00:36:57,135.246,135.257
2002,2023-05-09 00:36:58,135.243,135.254
2003,2023-05-09 00:37:02,135.243,135.254
2004,2023-05-09 00:37:03,135.24349999999998,135.254
2006,2023-05-09 00:37:04,135.24450000000002,135.255
2008,2023-05-09 00:37:08,135.24349999999998,135.254
2010,2023-05-09 00:37:10,135.243,135.253
2011,2023-05-09 00:37:15,135.24349999999998,135.25349999999997
2013,2023-05-09 00:37:26,135.244,135.254
2014,2023-05-09 00:37:27,135.251,135.261
2016,2023-05-09 00:37:28,135.2575,135.26749999999998
2020,2023-05-09 00:37:29,135.258,135.268
2021,2023-05-09 00:37:30,135.2595,135.2695
2023,2023-05-09 00:37:31,135.259,135.269
2024,2023-05-09 00:37:32,135.26049999999998,135.2705
2026,2023-05-09 00:37:33,135.26,135.27
2027,2023-05-09 00:37:35,135.259,135.269
2028,2023-05-09 00:37:37,135.257,135.267
2029,2023-05-09 00:37:38,135.256,135.266
2030,2023-05-09 00:37:40,135.255,135.265
2034,2023-05-09 00:37:41,135.252,135.2625
2036,2023-05-09 00:37:42,135.25349999999997,135.26350000000002
2038,2023-05-09 00:37:44,135.253,135.263
2039,2023-05-09 00:37:47,135.254,135.264
2040,2023-05-09 00:37:49,135.253,135.263
2043,2023-05-09 00:37:52,135.252,135.262
2044,2023-05-09 00:37:54,135.253,135.263
2045,2023-05-09 00:37:57,135.252,135.262
2046,2023-05-09 00:37:59,135.24,135.25
2049,2023-05-09 00:38:00,135.23950000000002,135.2495
2051,2023-05-09 00:38:01,135.239,135.249
2054,2023-05-09 00:38:02,135.23950000000002,135.2495
2056,2023-05-09 00:38:03,135.239,135.249
2059,2023-05-09 00:38:04,135.241,135.251
2060,2023-05-09 00:38:05,135.23950000000002,135.2495
2062,2023-05-09 00:38:15,135.239,135.249
2063,2023-05-09 00:38:17,135.237,135.247
2064,2023-05-09 00:38:18,135.238,135.248
2065,2023-05-09 00:38:19,135.233,135.244
2068,2023-05-09 00:38:24,135.235,135.245
2069,2023-05-09 00:38:28,135.23450000000003,135.24450000000002
2071,2023-05-09 00:38:29,135.236,135.246
2072,2023-05-09 00:38:30,135.237,135.247
2073,2023-05-09 00:38:31,135.236,135.246
2074,2023-05-09 00:38:37,135.23649999999998,135.24650000000003
2076,2023-05-09 00:38:47,135.235,135.245
2077,2023-05-09 00:38:53,135.234,135.244
2078,2023-05-09 00:38:54,135.233,135.243
2079,2023-05-09 00:38:55,135.2295,135.24
2081,2023-05-09 00:38:56,135.23,135.24
2082,2023-05-09 00:38:58,135.228,135.238
2083,2023-05-09 00:39:00,135.225,135.235
2084,2023-05-09 00:39:01,135.224,135.234
2085,2023-05-09 00:39:02,135.22050000000002,135.2305
2087,2023-05-09 00:39:08,135.218,135.228
2088,2023-05-09 00:39:13,135.214,135.224
2089,2023-05-09 00:39:14,135.211,135.221
2090,2023-05-09 00:39:15,135.216,135.226
2091,2023-05-09 00:39:16,135.2145,135.22449999999998
2093,2023-05-09 00:39:19,135.216,135.226
2094,2023-05-09 00:39:20,135.215,135.225
2095,2023-05-09 00:39:21,135.216,135.226
2096,2023-05-09 00:39:23,135.21949999999998,135.2295
2098,2023-05-09 00:39:24,135.218,135.228
2099,2023-05-09 00:39:25,135.216,135.226
2100,2023-05-09 00:39:27,135.22050000000002,135.2305
2102,2023-05-09 00:39:28,135.221,135.231
2104,2023-05-09 00:39:29,135.221,135.231
2105,2023-05-09 00:39:31,135.222,135.232
2106,2023-05-09 00:39:37,135.221,135.231
2107,2023-05-09 00:39:38,135.22,135.23
2110,2023-05-09 00:39:39,135.218,135.228
2111,2023-05-09 00:39:40,135.22,135.231
2112,2023-05-09 00:39:43,135.222,135.232
2113,2023-05-09 00:39:49,135.221,135.231
2114,2023-05-09 00:39:50,135.222,135.232
2115,2023-05-09 00:39:54,135.22,135.23
2116,2023-05-09 00:39:55,135.21949999999998,135.23
2118,2023-05-09 00:39:57,135.2255,135.2355
2120,2023-05-09 00:39:58,135.2255,135.2355
2124,2023-05-09 00:40:00,135.2255,135.2355
2126,2023-05-09 00:40:01,135.226,135.236
2127,2023-05-09 00:40:02,135.227,135.237
2130,2023-05-09 00:40:10,135.227,135.237
2131,2023-05-09 00:40:11,135.226,135.236
2132,2023-05-09 00:40:13,135.227,135.237
2133,2023-05-09 00:40:16,135.226,135.236
2134,2023-05-09 00:40:19,135.225,135.235
2135,2023-05-09 00:40:21,135.226,135.236
2136,2023-05-09 00:40:28,135.227,135.237
2137,2023-05-09 00:40:31,135.226,135.236
2138,2023-05-09 00:40:36,135.225,135.235
2139,2023-05-09 00:40:39,135.22,135.23
2140,2023-05-09 00:40:41,135.221,135.231
2141,2023-05-09 00:40:43,135.222,135.232
2142,2023-05-09 00:40:50,135.219,135.229
2143,2023-05-09 00:41:02,135.2185,135.2285
2145,2023-05-09 00:41:17,135.2055,135.21550000000002
2147,2023-05-09 00:41:18,135.2055,135.21550000000002
2149,2023-05-09 00:41:19,135.20100000000002,135.211
2151,2023-05-09 00:41:20,135.1975,135.20749999999998
2153,2023-05-09 00:41:21,135.205,135.215
2156,2023-05-09 00:41:22,135.2055,135.21550000000002
2158,2023-05-09 00:41:23,135.206,135.216
2159,2023-05-09 00:41:28,135.207,135.217
2160,2023-05-09 00:41:29,135.208,135.218
2161,2023-05-09 00:41:30,135.207,135.217
2162,2023-05-09 00:41:31,135.208,135.218
2163,2023-05-09 00:41:35,135.20850000000002,135.2185
2165,2023-05-09 00:41:37,135.209,135.219
2166,2023-05-09 00:41:49,135.216,135.227
2167,2023-05-09 00:41:50,135.217,135.227
2168,2023-05-09 00:41:54,135.218,135.228
2169,2023-05-09 00:41:55,135.217,135.227
2170,2023-05-09 00:42:00,135.217,135.227
2171,2023-05-09 00:42:12,135.217,135.228
2172,2023-05-09 00:42:14,135.2185,135.2285
2174,2023-05-09 00:42:17,135.225,135.235
2175,2023-05-09 00:42:19,135.225,135.236
2176,2023-05-09 00:42:20,135.226,135.236
2177,2023-05-09 00:42:39,135.227,135.237
2178,2023-05-09 00:42:40,135.226,135.237
2179,2023-05-09 00:42:41,135.2305,135.2405
2181,2023-05-09 00:42:43,135.22750000000002,135.2375
2183,2023-05-09 00:42:44,135.232,135.242
2184,2023-05-09 00:42:51,135.2285,135.2385
2188,2023-05-09 00:42:52,135.227,135.2375
2190,2023-05-09 00:42:56,135.227,135.2375
2192,2023-05-09 00:43:00,135.227,135.237
2193,2023-05-09 00:43:05,135.228,135.238
2194,2023-05-09 00:43:06,135.227,135.237
2195,2023-05-09 00:43:20,135.23,135.24
2196,2023-05-09 00:43:22,135.229,135.239
2197,2023-05-09 00:43:25,135.234,135.244
2198,2023-05-09 00:43:29,135.235,135.245
2199,2023-05-09 00:43:33,135.23,135.24
2202,2023-05-09 00:43:36,135.23450000000003,135.24450000000002
2204,2023-05-09 00:43:38,135.238,135.248
2205,2023-05-09 00:43:39,135.239,135.249
2206,2023-05-09 00:43:40,135.238,135.248
2207,2023-05-09 00:43:56,135.237,135.247
2210,2023-05-09 00:43:57,135.238,135.248
2211,2023-05-09 00:43:58,135.2385,135.2485
2213,2023-05-09 00:44:00,135.241,135.251
2214,2023-05-09 00:44:07,135.242,135.252
2215,2023-05-09 00:44:13,135.241,135.251
2216,2023-05-09 00:44:14,135.24,135.25
2217,2023-05-09 00:44:15,135.238,135.248
2219,2023-05-09 00:44:16,135.238,135.248
2224,2023-05-09 00:44:17,135.2375,135.2475
2226,2023-05-09 00:44:18,135.237,135.247
2227,2023-05-09 00:44:22,135.238,135.248
2228,2023-05-09 00:44:23,135.2375,135.2475
2230,2023-05-09 00:44:25,135.239,135.249
2231,2023-05-09 00:44:26,135.238,135.248
2232,2023-05-09 00:44:31,135.24349999999998,135.25349999999997
2234,2023-05-09 00:44:40,135.245,135.255
2235,2023-05-09 00:44:41,135.243,135.253
2236,2023-05-09 00:44:44,135.244,135.254
2237,2023-05-09 00:44:46,135.245,135.255
2238,2023-05-09 00:44:47,135.243,135.253
2239,2023-05-09 00:44:49,135.244,135.254
2240,2023-05-09 00:44:50,135.245,135.255
2241,2023-05-09 00:44:51,135.246,135.256
2245,2023-05-09 00:44:52,135.247,135.257
2248,2023-05-09 00:44:53,135.246,135.256
2249,2023-05-09 00:44:56,135.245,135.255
2250,2023-05-09 00:44:57,135.248,135.25799999999998
2252,2023-05-09 00:45:00,135.2465,135.25650000000002
2254,2023-05-09 00:45:02,135.244,135.254
2255,2023-05-09 00:45:05,135.245,135.255
2256,2023-05-09 00:45:11,135.244,135.254
2257,2023-05-09 00:45:12,135.245,135.255
2258,2023-05-09 00:45:15,135.244,135.254
2259,2023-05-09 00:45:18,135.243,135.253
2260,2023-05-09 00:45:20,135.241,135.251
2261,2023-05-09 00:45:22,135.242,135.252
2262,2023-05-09 00:45:24,135.241,135.251
2263,2023-05-09 00:45:28,135.243,135.253
2264,2023-05-09 00:45:36,135.242,135.252
2265,2023-05-09 00:45:41,135.239,135.249
2266,2023-05-09 00:45:45,135.24,135.25
2267,2023-05-09 00:45:47,135.239,135.249
2268,2023-05-09 00:45:48,135.2375,135.2475
2270,2023-05-09 00:45:51,135.233,135.243
2271,2023-05-09 00:45:54,135.234,135.244
2272,2023-05-09 00:45:55,135.228,135.238
2273,2023-05-09 00:46:00,135.228,135.238
2274,2023-05-09 00:46:08,135.225,135.235
2275,2023-05-09 00:46:13,135.223,135.233
2277,2023-05-09 00:46:14,135.2235,135.2335
2279,2023-05-09 00:46:17,135.223,135.233
2280,2023-05-09 00:46:20,135.22050000000002,135.2305
2282,2023-05-09 00:46:34,135.2185,135.2285
2284,2023-05-09 00:46:54,135.22,135.23
2285,2023-05-09 00:46:55,135.219,135.229
2286,2023-05-09 00:46:56,135.22,135.23
2287,2023-05-09 00:46:57,135.21949999999998,135.2295
2289,2023-05-09 00:46:58,135.219,135.229
2290,2023-05-09 00:47:00,135.219,135.229
2291,2023-05-09 00:47:05,135.226,135.236
2292,2023-05-09 00:47:09,135.2255,135.2355
2294,2023-05-09 00:47:10,135.227,135.237
2295,2023-05-09 00:47:12,135.225,135.235
2296,2023-05-09 00:47:13,135.224,135.234
2297,2023-05-09 00:47:15,135.224,135.234
2300,2023-05-09 00:47:17,135.231,135.24099999999999
2302,2023-05-09 00:47:19,135.23950000000002,135.2495
2304,2023-05-09 00:47:20,135.24099999999999,135.251
2306,2023-05-09 00:47:21,135.24,135.25
2307,2023-05-09 00:47:22,135.242,135.252
2310,2023-05-09 00:47:23,135.239,135.249
2312,2023-05-09 00:47:27,135.23649999999998,135.24650000000003
2314,2023-05-09 00:47:28,135.238,135.248
2315,2023-05-09 00:47:31,135.238,135.248
2318,2023-05-09 00:47:38,135.239,135.249
2319,2023-05-09 00:47:39,135.237,135.247
2320,2023-05-09 00:47:40,135.236,135.246
2321,2023-05-09 00:47:42,135.237,135.247
2322,2023-05-09 00:47:45,135.238,135.248
2323,2023-05-09 00:47:46,135.237,135.247
2324,2023-05-09 00:47:47,135.238,135.248
2325,2023-05-09 00:47:48,135.237,135.247
2326,2023-05-09 00:47:50,135.2375,135.2475
2328,2023-05-09 00:47:57,135.238,135.248
2329,2023-05-09 00:47:58,135.237,135.247
2330,2023-05-09 00:47:59,135.2375,135.2475
2332,2023-05-09 00:48:00,135.238,135.248
2333,2023-05-09 00:48:01,135.237,135.247
2334,2023-05-09 00:48:04,135.242,135.252
2338,2023-05-09 00:48:05,135.241,135.251
2339,2023-05-09 00:48:06,135.2425,135.2525
2341,2023-05-09 00:48:07,135.238,135.248
2342,2023-05-09 00:48:09,135.23649999999998,135.24650000000003
2344,2023-05-09 00:48:10,135.23649999999998,135.24650000000003
2346,2023-05-09 00:48:11,135.237,135.247
2347,2023-05-09 00:48:12,135.236,135.246
2350,2023-05-09 00:48:13,135.237,135.247
2353,2023-05-09 00:48:14,135.236,135.246
2356,2023-05-09 00:48:15,135.237,135.247
2359,2023-05-09 00:48:16,135.236,135.246
2362,2023-05-09 00:48:17,135.235,135.245
2363,2023-05-09 00:48:19,135.236,135.246
2364,2023-05-09 00:48:22,135.239,135.249
2367,2023-05-09 00:48:25,135.236,135.246
2368,2023-05-09 00:48:28,135.237,135.247
2371,2023-05-09 00:48:41,135.2375,135.2475
2373,2023-05-09 00:48:42,135.238,135.248
2374,2023-05-09 00:48:47,135.2295,135.23950000000002
2376,2023-05-09 00:48:50,135.2285,135.2385
2378,2023-05-09 00:48:55,135.227,135.237
2379,2023-05-09 00:49:00,135.2265,135.23649999999998
2381,2023-05-09 00:49:01,135.227,135.237
2382,2023-05-09 00:49:02,135.231,135.241
2383,2023-05-09 00:49:03,135.2295,135.23950000000002
2385,2023-05-09 00:49:06,135.23,135.24
2386,2023-05-09 00:49:07,135.229,135.239
2389,2023-05-09 00:49:08,135.2305,135.2405
2391,2023-05-09 00:49:09,135.226,135.236
2393,2023-05-09 00:49:11,135.224,135.234
2394,2023-05-09 00:49:12,135.226,135.236
2395,2023-05-09 00:49:13,135.225,135.235
2396,2023-05-09 00:49:17,135.225,135.235
2398,2023-05-09 00:49:18,135.22449999999998,135.23450000000003
2400,2023-05-09 00:49:22,135.22,135.23000000000002
2402,2023-05-09 00:49:23,135.21949999999998,135.2295
2404,2023-05-09 00:49:24,135.22,135.23
2405,2023-05-09 00:49:28,135.21949999999998,135.2295
2407,2023-05-09 00:49:38,135.213,135.223
2410,2023-05-09 00:49:41,135.21,135.22
2411,2023-05-09 00:49:47,135.209,135.219
2412,2023-05-09 00:49:53,135.211,135.221
2413,2023-05-09 00:49:55,135.21249999999998,135.22250000000003
2415,2023-05-09 00:49:58,135.218,135.228
2416,2023-05-09 00:49:59,135.219,135.229
2417,2023-05-09 00:50:00,135.2175,135.22750000000002
2419,2023-05-09 00:50:01,135.216,135.226
2420,2023-05-09 00:50:02,135.2175,135.22750000000002
2422,2023-05-09 00:50:03,135.217,135.227
2425,2023-05-09 00:50:04,135.2185,135.2285
2427,2023-05-09 00:50:05,135.22,135.23
2430,2023-05-09 00:50:06,135.227,135.237
2431,2023-05-09 00:50:07,135.23149999999998,135.2415
2433,2023-05-09 00:50:09,135.231,135.241
2434,2023-05-09 00:50:10,135.2355,135.2455
2436,2023-05-09 00:50:14,135.2355,135.2455
2438,2023-05-09 00:50:17,135.235,135.245
2439,2023-05-09 00:50:18,135.234,135.244
2440,2023-05-09 00:50:19,135.233,135.243
2441,2023-05-09 00:50:20,135.235,135.245
2442,2023-05-09 00:50:22,135.236,135.246
2443,2023-05-09 00:50:23,135.237,135.247
2444,2023-05-09 00:50:24,135.236,135.246
2445,2023-05-09 00:50:25,135.235,135.245
2446,2023-05-09 00:50:27,135.236,135.246
2447,2023-05-09 00:50:28,135.238,135.248
2448,2023-05-09 00:50:30,135.23649999999998,135.24650000000003
2450,2023-05-09 00:50:31,135.235,135.245
2451,2023-05-09 00:50:32,135.236,135.246
2452,2023-05-09 00:50:33,135.239,135.249
2453,2023-05-09 00:50:34,135.238,135.248
2454,2023-05-09 00:50:35,135.239,135.249
2455,2023-05-09 00:50:36,135.241,135.251
2456,2023-05-09 00:50:39,135.242,135.252
2457,2023-05-09 00:50:40,135.241,135.251
2458,2023-05-09 00:50:41,135.2375,135.2475
2460,2023-05-09 00:50:42,135.239,135.249
2461,2023-05-09 00:50:43,135.241,135.251
2462,2023-05-09 00:50:44,135.2415,135.25150000000002
2464,2023-05-09 00:50:45,135.242,135.252
2465,2023-05-09 00:50:47,135.2415,135.25150000000002
2467,2023-05-09 00:50:51,135.243,135.253
2468,2023-05-09 00:50:52,135.23950000000002,135.2495
2472,2023-05-09 00:50:53,135.248,135.258
2473,2023-05-09 00:50:54,135.24650000000003,135.25650000000002
2475,2023-05-09 00:50:56,135.2475,135.2575
2477,2023-05-09 00:50:58,135.2475,135.2575
2479,2023-05-09 00:51:00,135.248,135.258
2482,2023-05-09 00:51:01,135.25,135.26
2484,2023-05-09 00:51:04,135.246,135.256
2486,2023-05-09 00:51:05,135.2475,135.2575
2490,2023-05-09 00:51:06,135.2505,135.26049999999998
2492,2023-05-09 00:51:07,135.24849999999998,135.2585
2494,2023-05-09 00:51:08,135.25,135.26
2495,2023-05-09 00:51:10,135.25150000000002,135.2615
2497,2023-05-09 00:51:11,135.251,135.261
2498,2023-05-09 00:51:12,135.252,135.262
2499,2023-05-09 00:51:15,135.2475,135.2575
2501,2023-05-09 00:51:18,135.24450000000002,135.2545
2505,2023-05-09 00:51:20,135.248,135.258
2506,2023-05-09 00:51:21,135.249,135.259
2507,2023-05-09 00:51:23,135.248,135.258
2508,2023-05-09 00:51:26,135.249,135.259
2509,2023-05-09 00:51:29,135.24349999999998,135.25349999999997
2511,2023-05-09 00:51:30,135.243,135.253
2514,2023-05-09 00:51:31,135.244,135.254
2517,2023-05-09 00:51:33,135.245,135.255
2518,2023-05-09 00:51:34,135.24200000000002,135.252
2520,2023-05-09 00:51:36,135.231,135.241
2523,2023-05-09 00:51:37,135.221,135.231
2526,2023-05-09 00:51:38,135.214,135.224
2528,2023-05-09 00:51:39,135.2055,135.2155
2530,2023-05-09 00:51:40,135.19850000000002,135.20850000000002
2532,2023-05-09 00:51:43,135.207,135.217
2538,2023-05-09 00:51:44,135.206,135.216
2539,2023-05-09 00:51:45,135.208,135.218
2542,2023-05-09 00:51:46,135.20850000000002,135.2185
2544,2023-05-09 00:51:47,135.214,135.224
2545,2023-05-09 00:51:48,135.217,135.227
2546,2023-05-09 00:51:49,135.218,135.228
2547,2023-05-09 00:51:50,135.2175,135.22750000000002
2549,2023-05-09 00:51:51,135.2165,135.2265
2551,2023-05-09 00:51:52,135.213,135.223
2554,2023-05-09 00:51:53,135.211,135.221
2555,2023-05-09 00:51:54,135.21050000000002,135.22050000000002
2557,2023-05-09 00:51:55,135.214,135.224
2559,2023-05-09 00:51:56,135.217,135.227
2560,2023-05-09 00:51:57,135.218,135.228
2561,2023-05-09 00:51:59,135.225,135.235
2562,2023-05-09 00:52:00,135.226,135.236
2565,2023-05-09 00:52:01,135.2285,135.2385
2567,2023-05-09 00:52:02,135.23,135.24
2568,2023-05-09 00:52:03,135.235,135.245
2569,2023-05-09 00:52:04,135.234,135.244
2570,2023-05-09 00:52:05,135.232,135.242
2573,2023-05-09 00:52:06,135.231,135.241
2574,2023-05-09 00:52:07,135.23,135.24
2575,2023-05-09 00:52:09,135.229,135.239
2576,2023-05-09 00:52:10,135.226,135.236
2578,2023-05-09 00:52:13,135.225,135.235
2581,2023-05-09 00:52:15,135.22449999999998,135.23450000000003
2583,2023-05-09 00:52:18,135.22750000000002,135.2375
2585,2023-05-09 00:52:21,135.228,135.238
2586,2023-05-09 00:52:22,135.227,135.23700000000002
2588,2023-05-09 00:52:23,135.228,135.238
2589,2023-05-09 00:52:24,135.2305,135.2405
2591,2023-05-09 00:52:25,135.24,135.25
2594,2023-05-09 00:52:26,135.2405,135.2505
2596,2023-05-09 00:52:27,135.237,135.247
2599,2023-05-09 00:52:29,135.238,135.248
2602,2023-05-09 00:52:31,135.233,135.243
2603,2023-05-09 00:52:32,135.2405,135.2505
2607,2023-05-09 00:52:34,135.249,135.259
2608,2023-05-09 00:52:36,135.2495,135.2595
2610,2023-05-09 00:52:37,135.257,135.267
2611,2023-05-09 00:52:38,135.26,135.27
2612,2023-05-09 00:52:42,135.261,135.271
2613,2023-05-09 00:52:43,135.26,135.27
2614,2023-05-09 00:52:47,135.266,135.276
2616,2023-05-09 00:52:48,135.263,135.273
2617,2023-05-09 00:52:49,135.26,135.27
2618,2023-05-09 00:52:51,135.258,135.268
2621,2023-05-09 00:52:53,135.256,135.266
2623,2023-05-09 00:52:54,135.258,135.268
2624,2023-05-09 00:52:55,135.257,135.267
2625,2023-05-09 00:52:58,135.2595,135.2695
2627,2023-05-09 00:53:00,135.259,135.269
2628,2023-05-09 00:53:05,135.26299999999998,135.27300000000002
2630,2023-05-09 00:53:06,135.269,135.279
2631,2023-05-09 00:53:09,135.275,135.285
2632,2023-05-09 00:53:10,135.276,135.286
2633,2023-05-09 00:53:11,135.277,135.287
2634,2023-05-09 00:53:12,135.278,135.288
2635,2023-05-09 00:53:13,135.27949999999998,135.28949999999998
2637,2023-05-09 00:53:15,135.2785,135.2885
2639,2023-05-09 00:53:16,135.28050000000002,135.2905
2641,2023-05-09 00:53:18,135.281,135.291
2642,2023-05-09 00:53:19,135.279,135.289
2643,2023-05-09 00:53:22,135.277,135.287
2644,2023-05-09 00:53:23,135.27499999999998,135.285
2646,2023-05-09 00:53:24,135.2765,135.2865
2648,2023-05-09 00:53:26,135.274,135.284
2649,2023-05-09 00:53:27,135.273,135.283
2650,2023-05-09 00:53:28,135.26850000000002,135.2785
2652,2023-05-09 00:53:29,135.268,135.278
2655,2023-05-09 00:53:30,135.276,135.286
2658,2023-05-09 00:53:32,135.278,135.288
2659,2023-05-09 00:53:33,135.279,135.289
2660,2023-05-09 00:53:35,135.28,135.29
2661,2023-05-09 00:53:36,135.279,135.289
2662,2023-05-09 00:53:44,135.281,135.291
2665,2023-05-09 00:53:45,135.284,135.29399999999998
2667,2023-05-09 00:53:46,135.281,135.291
2669,2023-05-09 00:53:53,135.283,135.293
2670,2023-05-09 00:53:54,135.2815,135.29149999999998
2672,2023-05-09 00:53:55,135.285,135.295
2675,2023-05-09 00:53:56,135.2815,135.29149999999998
2677,2023-05-09 00:53:57,135.28199999999998,135.292
2679,2023-05-09 00:53:58,135.28050000000002,135.2905
2681,2023-05-09 00:54:00,135.2815,135.29149999999998
2685,2023-05-09 00:54:02,135.286,135.296
2688,2023-05-09 00:54:03,135.29,135.3
2689,2023-05-09 00:54:04,135.293,135.303
2690,2023-05-09 00:54:05,135.297,135.307
2693,2023-05-09 00:54:06,135.297,135.307
2694,2023-05-09 00:54:07,135.3,135.31
2695,2023-05-09 00:54:08,135.293,135.303
2698,2023-05-09 00:54:09,135.289,135.299
2699,2023-05-09 00:54:14,135.29,135.3
2702,2023-05-09 00:54:16,135.28,135.29
2705,2023-05-09 00:54:17,135.273,135.283
2710,2023-05-09 00:54:18,135.272,135.282
2711,2023-05-09 00:54:19,135.272,135.282
2716,2023-05-09 00:54:20,135.2715,135.2815
2720,2023-05-09 00:54:21,135.274,135.284
2721,2023-05-09 00:54:22,135.272,135.282
2722,2023-05-09 00:54:23,135.273,135.283
2723,2023-05-09 00:54:24,135.271,135.281
2724,2023-05-09 00:54:26,135.28,135.29
2729,2023-05-09 00:54:28,135.281,135.291
2730,2023-05-09 00:54:29,135.2715,135.2815
2734,2023-05-09 00:54:31,135.26850000000002,135.2785
2736,2023-05-09 00:54:34,135.26350000000002,135.2735
2740,2023-05-09 00:54:36,135.2665,135.2765
2742,2023-05-09 00:54:37,135.268,135.278
2745,2023-05-09 00:54:38,135.26850000000002,135.2785
2747,2023-05-09 00:54:39,135.2695,135.27949999999998
2749,2023-05-09 00:54:40,135.269,135.279
2750,2023-05-09 00:54:41,135.268,135.278
2751,2023-05-09 00:54:42,135.26,135.27
2752,2023-05-09 00:54:43,135.2615,135.2715
2754,2023-05-09 00:54:44,135.2625,135.27249999999998
2756,2023-05-09 00:54:45,135.2615,135.2715
2758,2023-05-09 00:54:46,135.26049999999998,135.2705
2760,2023-05-09 00:54:47,135.2645,135.2745
2762,2023-05-09 00:54:48,135.264,135.274
2763,2023-05-09 00:54:50,135.263,135.273
2764,2023-05-09 00:54:53,135.263,135.273
2769,2023-05-09 00:54:54,135.264,135.274
2774,2023-05-09 00:54:55,135.258,135.268
2777,2023-05-09 00:54:56,135.264,135.274
2780,2023-05-09 00:54:57,135.259,135.269
2783,2023-05-09 00:54:58,135.258,135.268
2784,2023-05-09 00:54:59,135.261,135.271
2789,2023-05-09 00:55:00,135.2625,135.27249999999998
2795,2023-05-09 00:55:01,135.26749999999998,135.27749999999997
2799,2023-05-09 00:55:02,135.26850000000002,135.2785
2803,2023-05-09 00:55:03,135.2645,135.2745
2809,2023-05-09 00:55:04,135.269,135.279
2812,2023-05-09 00:55:05,135.267,135.277
2815,2023-05-09 00:55:06,135.2615,135.2715
2819,2023-05-09 00:55:07,135.2575,135.26749999999998
2821,2023-05-09 00:55:08,135.2525,135.2625
2823,2023-05-09 00:55:09,135.242,135.252
2824,2023-05-09 00:55:10,135.2405,135.2505
2828,2023-05-09 00:55:11,135.241,135.251
2833,2023-05-09 00:55:13,135.2405,135.2505
2835,2023-05-09 00:55:14,135.24,135.25
2838,2023-05-09 00:55:15,135.2415,135.25150000000002
2840,2023-05-09 00:55:16,135.241,135.251
2843,2023-05-09 00:55:17,135.24,135.25
2846,2023-05-09 00:55:18,135.23950000000002,135.2495
2848,2023-05-09 00:55:19,135.234,135.244
2851,2023-05-09 00:55:20,135.23450000000003,135.24450000000002
2853,2023-05-09 00:55:22,135.23450000000003,135.24450000000002
2855,2023-05-09 00:55:23,135.236,135.246
2856,2023-05-09 00:55:24,135.234,135.244
2858,2023-05-09 00:55:25,135.23450000000003,135.24450000000002
2860,2023-05-09 00:55:26,135.233,135.243
2861,2023-05-09 00:55:27,135.234,135.244
2862,2023-05-09 00:55:31,135.23450000000003,135.24450000000002
2864,2023-05-09 00:55:36,135.237,135.247
2865,2023-05-09 00:55:37,135.235,135.245
2866,2023-05-09 00:55:38,135.237,135.247
2867,2023-05-09 00:55:39,135.239,135.249
2868,2023-05-09 00:55:40,135.237,135.247
2871,2023-05-09 00:55:41,135.239,135.249
2876,2023-05-09 00:55:42,135.2415,135.25150000000002
2878,2023-05-09 00:55:43,135.2405,135.2505
2880,2023-05-09 00:55:44,135.2385,135.24849999999998
2882,2023-05-09 00:55:45,135.238,135.248
2883,2023-05-09 00:55:46,135.2385,135.24849999999998
2885,2023-05-09 00:55:47,135.239,135.249
2886,2023-05-09 00:55:49,135.2385,135.24849999999998
2888,2023-05-09 00:55:52,135.23250000000002,135.2425
2890,2023-05-09 00:55:54,135.23149999999998,135.2415
2892,2023-05-09 00:55:55,135.229,135.239
2893,2023-05-09 00:55:56,135.219,135.229
2896,2023-05-09 00:55:57,135.215,135.225
2897,2023-05-09 00:55:58,135.217,135.227
2900,2023-05-09 00:56:00,135.2135,135.2235
2902,2023-05-09 00:56:01,135.211,135.221
2905,2023-05-09 00:56:02,135.21,135.22
2906,2023-05-09 00:56:03,135.211,135.221
2909,2023-05-09 00:56:04,135.21,135.22
2910,2023-05-09 00:56:05,135.211,135.221
2913,2023-05-09 00:56:06,135.21050000000002,135.22050000000002
2915,2023-05-09 00:56:07,135.20749999999998,135.2175
2917,2023-05-09 00:56:08,135.2065,135.2165
2919,2023-05-09 00:56:09,135.207,135.217
2922,2023-05-09 00:56:10,135.204,135.214
2927,2023-05-09 00:56:11,135.198,135.208
2930,2023-05-09 00:56:12,135.19650000000001,135.2065
2932,2023-05-09 00:56:13,135.202,135.212
2935,2023-05-09 00:56:15,135.202,135.212
2938,2023-05-09 00:56:16,135.20499999999998,135.215
2940,2023-05-09 00:56:17,135.2045,135.2145
2944,2023-05-09 00:56:18,135.1995,135.2095
2946,2023-05-09 00:56:19,135.2,135.21
2947,2023-05-09 00:56:21,135.19850000000002,135.20850000000002
2949,2023-05-09 00:56:22,135.198,135.208
2950,2023-05-09 00:56:23,135.2,135.21
2951,2023-05-09 00:56:25,135.2,135.21
2954,2023-05-09 00:56:26,135.20600000000002,135.216
2956,2023-05-09 00:56:27,135.20299999999997,135.21300000000002
2958,2023-05-09 00:56:29,135.201,135.211
2959,2023-05-09 00:56:30,135.202,135.212
2960,2023-05-09 00:56:33,135.21,135.22
2965,2023-05-09 00:56:34,135.2095,135.21949999999998
2967,2023-05-09 00:56:35,135.20850000000002,135.2185
2969,2023-05-09 00:56:36,135.207,135.217
2970,2023-05-09 00:56:37,135.2055,135.21550000000002
2972,2023-05-09 00:56:38,135.2065,135.2165
2974,2023-05-09 00:56:39,135.209,135.219
2977,2023-05-09 00:56:40,135.211,135.221
2981,2023-05-09 00:56:41,135.2095,135.21949999999998
2983,2023-05-09 00:56:42,135.20850000000002,135.2185
2985,2023-05-09 00:56:43,135.207,135.217
2986,2023-05-09 00:56:44,135.208,135.218
2989,2023-05-09 00:56:45,135.208,135.218
2992,2023-05-09 00:56:46,135.208,135.218
2993,2023-05-09 00:56:47,135.213,135.223
2994,2023-05-09 00:56:49,135.215,135.225
2995,2023-05-09 00:56:50,135.216,135.226
2996,2023-05-09 00:56:51,135.2165,135.2265
2998,2023-05-09 00:56:52,135.217,135.227
2999,2023-05-09 00:56:53,135.216,135.226
3000,2023-05-09 00:56:55,135.2175,135.22750000000002
3002,2023-05-09 00:56:56,135.217,135.227
3003,2023-05-09 00:56:59,135.218,135.228
3004,2023-05-09 00:57:00,135.2175,135.22750000000002
3006,2023-05-09 00:57:01,135.218,135.228
3007,2023-05-09 00:57:02,135.2185,135.2285
3011,2023-05-09 00:57:03,135.218,135.228
3014,2023-05-09 00:57:05,135.21550000000002,135.2255
3016,2023-05-09 00:57:07,135.2165,135.2265
3018,2023-05-09 00:57:09,135.217,135.227
3019,2023-05-09 00:57:19,135.219,135.229
3020,2023-05-09 00:57:21,135.219,135.229
3023,2023-05-09 00:57:24,135.22250000000003,135.23250000000002
3025,2023-05-09 00:57:26,135.2215,135.23149999999998
3027,2023-05-09 00:57:27,135.222,135.232
3028,2023-05-09 00:57:29,135.226,135.236
3031,2023-05-09 00:57:30,135.2255,135.2355
3033,2023-05-09 00:57:31,135.225,135.235
3034,2023-05-09 00:57:34,135.221,135.231
3037,2023-05-09 00:57:35,135.21949999999998,135.2295
3039,2023-05-09 00:57:37,135.22050000000002,135.2305
3041,2023-05-09 00:57:38,135.22,135.23
3044,2023-05-09 00:57:39,135.21949999999998,135.2295
3046,2023-05-09 00:57:40,135.219,135.229
3047,2023-05-09 00:57:43,135.2155,135.2255
3049,2023-05-09 00:57:45,135.212,135.222
3050,2023-05-09 00:57:46,135.214,135.224
3052,2023-05-09 00:57:47,135.2165,135.2265
3054,2023-05-09 00:57:51,135.216,135.226
3055,2023-05-09 00:57:56,135.215,135.225
3056,2023-05-09 00:57:57,135.214,135.224
3057,2023-05-09 00:57:58,135.215,135.225
3058,2023-05-09 00:58:00,135.2145,135.22449999999998
3060,2023-05-09 00:58:01,135.208,135.218
3061,2023-05-09 00:58:06,135.205,135.215
3062,2023-05-09 00:58:08,135.2055,135.21550000000002
3064,2023-05-09 00:58:09,135.203,135.213
3067,2023-05-09 00:58:10,135.203,135.213
3068,2023-05-09 00:58:11,135.1895,135.1995
3070,2023-05-09 00:58:13,135.193,135.203
3071,2023-05-09 00:58:16,135.197,135.207
3073,2023-05-09 00:58:19,135.199,135.209
3074,2023-05-09 00:58:21,135.201,135.211
3075,2023-05-09 00:58:22,135.2,135.21
3077,2023-05-09 00:58:24,135.2,135.21
3082,2023-05-09 00:58:32,135.198,135.208
3083,2023-05-09 00:58:36,135.19850000000002,135.20850000000002
3085,2023-05-09 00:58:40,135.199,135.209
3086,2023-05-09 00:58:42,135.198,135.208
3087,2023-05-09 00:58:44,135.1975,135.20749999999998
3089,2023-05-09 00:58:50,135.1935,135.20350000000002
3091,2023-05-09 00:58:51,135.194,135.204
3092,2023-05-09 00:58:52,135.196,135.206
3095,2023-05-09 00:58:57,135.198,135.208
3096,2023-05-09 00:58:58,135.1975,135.20749999999998
3098,2023-05-09 00:58:59,135.199,135.209
3099,2023-05-09 00:59:00,135.199,135.209
3100,2023-05-09 00:59:01,135.198,135.208
3101,2023-05-09 00:59:03,135.19,135.2
3104,2023-05-09 00:59:04,135.187,135.197
3105,2023-05-09 00:59:06,135.186,135.196
3106,2023-05-09 00:59:07,135.187,135.197
3107,2023-05-09 00:59:10,135.1875,135.1975
3109,2023-05-09 00:59:11,135.188,135.198
3110,2023-05-09 00:59:13,135.189,135.199
3111,2023-05-09 00:59:16,135.19,135.2
3114,2023-05-09 00:59:17,135.1875,135.1975
3116,2023-05-09 00:59:18,135.188,135.198
3117,2023-05-09 00:59:21,135.1895,135.1995
3119,2023-05-09 00:59:22,135.18849999999998,135.19850000000002
3121,2023-05-09 00:59:23,135.18849999999998,135.19850000000002
3123,2023-05-09 00:59:24,135.19,135.2
3124,2023-05-09 00:59:25,135.1895,135.1995
3126,2023-05-09 00:59:26,135.1945,135.2045
3128,2023-05-09 00:59:27,135.197,135.207
3132,2023-05-09 00:59:28,135.196,135.206
3133,2023-05-09 00:59:29,135.197,135.207
3136,2023-05-09 00:59:32,135.198,135.208
3139,2023-05-09 00:59:33,135.199,135.209
3140,2023-05-09 00:59:34,135.20499999999998,135.215
3142,2023-05-09 00:59:35,135.205,135.215
3146,2023-05-09 00:59:37,135.204,135.214
3149,2023-05-09 00:59:39,135.206,135.216
3150,2023-05-09 00:59:40,135.20749999999998,135.2175
3152,2023-05-09 00:59:43,135.208,135.218
3153,2023-05-09 00:59:45,135.207,135.217
3154,2023-05-09 00:59:46,135.206,135.216
3155,2023-05-09 00:59:47,135.207,135.217
3156,2023-05-09 00:59:49,135.206,135.216
3157,2023-05-09 00:59:50,135.206,135.216
3161,2023-05-09 00:59:52,135.2055,135.21550000000002
3163,2023-05-09 00:59:53,135.207,135.217
3164,2023-05-09 01:00:00,135.207,135.217
3165,2023-05-09 01:00:01,135.208,135.218
3166,2023-05-09 01:00:02,135.208,135.218
3170,2023-05-09 01:00:04,135.207,135.217
3171,2023-05-09 01:00:08,135.206,135.216
3172,2023-05-09 01:00:09,135.205,135.215
3173,2023-05-09 01:00:11,135.205,135.215
3177,2023-05-09 01:00:12,135.206,135.216
3178,2023-05-09 01:00:13,135.205,135.215
3179,2023-05-09 01:00:14,135.2055,135.21550000000002
3181,2023-05-09 01:00:15,135.2055,135.21550000000002
3183,2023-05-09 01:00:18,135.19850000000002,135.20850000000002
3185,2023-05-09 01:00:19,135.19650000000001,135.2065
3187,2023-05-09 01:00:20,135.195,135.205
3190,2023-05-09 01:00:21,135.19549999999998,135.2055
3192,2023-05-09 01:00:22,135.196,135.206
3193,2023-05-09 01:00:25,135.195,135.205
3194,2023-05-09 01:00:26,135.19549999999998,135.2055
3196,2023-05-09 01:00:28,135.196,135.206
3197,2023-05-09 01:00:30,135.19650000000001,135.2065
3199,2023-05-09 01:00:31,135.19,135.2
3200,2023-05-09 01:00:32,135.1875,135.1975
3204,2023-05-09 01:00:33,135.19,135.2
3207,2023-05-09 01:00:34,135.1895,135.1995
3209,2023-05-09 01:00:38,135.189,135.199
3210,2023-05-09 01:00:39,135.19,135.2
3213,2023-05-09 01:00:42,135.1895,135.1995
3215,2023-05-09 01:00:44,135.191,135.201
3216,2023-05-09 01:00:47,135.19,135.2
3217,2023-05-09 01:00:48,135.191,135.201
3218,2023-05-09 01:00:49,135.192,135.202
3219,2023-05-09 01:00:50,135.197,135.207
3223,2023-05-09 01:00:51,135.198,135.208
3224,2023-05-09 01:00:52,135.19850000000002,135.20850000000002
3228,2023-05-09 01:00:53,135.2065,135.2165
3232,2023-05-09 01:00:54,135.208,135.218
3233,2023-05-09 01:00:56,135.207,135.217
3234,2023-05-09 01:00:59,135.208,135.218
3235,2023-05-09 01:01:00,135.209,135.219
3238,2023-05-09 01:01:01,135.212,135.222
3241,2023-05-09 01:01:02,135.2135,135.2235
3243,2023-05-09 01:01:03,135.217,135.227
3244,2023-05-09 01:01:04,135.2175,135.22750000000002
3248,2023-05-09 01:01:07,135.2145,135.22449999999998
3252,2023-05-09 01:01:09,135.21550000000002,135.2255
3254,2023-05-09 01:01:12,135.217,135.227
3255,2023-05-09 01:01:13,135.218,135.228
3256,2023-05-09 01:01:14,135.217,135.227
3257,2023-05-09 01:01:18,135.219,135.229
3260,2023-05-09 01:01:22,135.217,135.227
3263,2023-05-09 01:01:24,135.217,135.227
3264,2023-05-09 01:01:26,135.218,135.228
3265,2023-05-09 01:01:27,135.219,135.229
3266,2023-05-09 01:01:32,135.2185,135.2285
3268,2023-05-09 01:01:35,135.217,135.227
3269,2023-05-09 01:01:39,135.216,135.226
3271,2023-05-09 01:01:41,135.218,135.228
3272,2023-05-09 01:01:43,135.217,135.227
3273,2023-05-09 01:01:49,135.2145,135.22449999999998
3275,2023-05-09 01:01:50,135.207,135.21699999999998
3277,2023-05-09 01:01:51,135.203,135.213
3280,2023-05-09 01:01:52,135.202,135.212
3283,2023-05-09 01:01:53,135.202,135.212
3287,2023-05-09 01:01:54,135.202,135.212
3289,2023-05-09 01:01:55,135.205,135.215
3290,2023-05-09 01:01:58,135.202,135.213
3293,2023-05-09 01:01:59,135.1975,135.20749999999998
3295,2023-05-09 01:02:00,135.19650000000001,135.2065
3297,2023-05-09 01:02:01,135.19400000000002,135.2045
3299,2023-05-09 01:02:02,135.1925,135.2025
3303,2023-05-09 01:02:04,135.197,135.207
3304,2023-05-09 01:02:05,135.198,135.208
3305,2023-05-09 01:02:07,135.197,135.207
3306,2023-05-09 01:02:08,135.196,135.206
3307,2023-05-09 01:02:09,135.197,135.207
3308,2023-05-09 01:02:10,135.196,135.206
3309,2023-05-09 01:02:14,135.197,135.207
3310,2023-05-09 01:02:17,135.19650000000001,135.2065
3312,2023-05-09 01:02:18,135.198,135.208
3313,2023-05-09 01:02:25,135.199,135.209
3315,2023-05-09 01:02:28,135.197,135.208
3316,2023-05-09 01:02:30,135.197,135.207
3317,2023-05-09 01:02:31,135.198,135.208
3318,2023-05-09 01:02:32,135.195,135.205
3319,2023-05-09 01:02:35,135.193,135.203
3320,2023-05-09 01:02:36,135.192,135.202
3323,2023-05-09 01:02:37,135.1925,135.203
3327,2023-05-09 01:02:38,135.192,135.202
3330,2023-05-09 01:02:40,135.191,135.202
3331,2023-05-09 01:02:41,135.191,135.2015
3335,2023-05-09 01:02:42,135.189,135.199
3336,2023-05-09 01:02:44,135.1895,135.1995
3340,2023-05-09 01:02:45,135.19,135.2
3341,2023-05-09 01:02:50,135.189,135.199
3342,2023-05-09 01:02:51,135.19,135.2
3343,2023-05-09 01:02:52,135.189,135.199
3344,2023-05-09 01:02:53,135.189,135.199
3348,2023-05-09 01:02:54,135.189,135.199
3351,2023-05-09 01:02:55,135.189,135.199
3355,2023-05-09 01:02:56,135.189,135.199
3357,2023-05-09 01:02:57,135.18849999999998,135.19850000000002
3359,2023-05-09 01:02:58,135.189,135.199
3360,2023-05-09 01:03:00,135.189,135.199
3363,2023-05-09 01:03:01,135.189,135.199
3364,2023-05-09 01:03:04,135.18849999999998,135.19850000000002
3366,2023-05-09 01:03:06,135.181,135.191
3367,2023-05-09 01:03:07,135.17950000000002,135.1895
3369,2023-05-09 01:03:14,135.169,135.179
3370,2023-05-09 01:03:15,135.16750000000002,135.1775
3372,2023-05-09 01:03:16,135.169,135.179
3373,2023-05-09 01:03:17,135.1645,135.1745
3377,2023-05-09 01:03:18,135.163,135.173
3378,2023-05-09 01:03:19,135.163,135.173
3382,2023-05-09 01:03:21,135.168,135.178
3386,2023-05-09 01:03:22,135.171,135.181
3387,2023-05-09 01:03:23,135.17,135.18
3388,2023-05-09 01:03:25,135.171,135.181
3389,2023-05-09 01:03:26,135.1695,135.17950000000002
3391,2023-05-09 01:03:27,135.172,135.18200000000002
3393,2023-05-09 01:03:29,135.1735,135.18349999999998
3395,2023-05-09 01:03:32,135.171,135.181
3396,2023-05-09 01:03:36,135.17,135.18
3397,2023-05-09 01:03:37,135.1705,135.1805
3399,2023-05-09 01:03:38,135.171,135.181
3400,2023-05-09 01:03:41,135.17,135.18
3401,2023-05-09 01:03:42,135.171,135.181
3402,2023-05-09 01:03:43,135.17,135.18
3403,2023-05-09 01:03:44,135.1705,135.1805
3405,2023-05-09 01:03:47,135.171,135.181
3406,2023-05-09 01:03:52,135.17399999999998,135.184
3408,2023-05-09 01:03:53,135.178,135.188
3411,2023-05-09 01:03:56,135.177,135.187
3412,2023-05-09 01:04:00,135.177,135.187
3413,2023-05-09 01:04:02,135.17849999999999,135.18849999999998
3415,2023-05-09 01:04:03,135.18349999999998,135.1935
3417,2023-05-09 01:04:04,135.18349999999998,135.1935
3419,2023-05-09 01:04:05,135.183,135.193
3420,2023-05-09 01:04:06,135.181,135.191
3423,2023-05-09 01:04:07,135.179,135.189
3424,2023-05-09 01:04:10,135.172,135.182
3425,2023-05-09 01:04:11,135.177,135.187
3426,2023-05-09 01:04:13,135.174,135.184
3427,2023-05-09 01:04:15,135.17700000000002,135.187
3429,2023-05-09 01:04:18,135.178,135.188
3430,2023-05-09 01:04:22,135.18,135.19
3431,2023-05-09 01:04:23,135.17950000000002,135.1895
3433,2023-05-09 01:04:24,135.179,135.189
3434,2023-05-09 01:04:27,135.18,135.19
3435,2023-05-09 01:04:29,135.179,135.189
3436,2023-05-09 01:04:31,135.18,135.19
3437,2023-05-09 01:04:32,135.179,135.189
3438,2023-05-09 01:04:34,135.18,135.19
3439,2023-05-09 01:04:35,135.1805,135.1905
3441,2023-05-09 01:04:36,135.179,135.189
3442,2023-05-09 01:04:39,135.171,135.181
3445,2023-05-09 01:04:40,135.1725,135.1825
3447,2023-05-09 01:04:42,135.176,135.187
3450,2023-05-09 01:04:46,135.179,135.189
3451,2023-05-09 01:04:47,135.18,135.19
3452,2023-05-09 01:04:48,135.179,135.189
3453,2023-05-09 01:04:49,135.18,135.19
3454,2023-05-09 01:04:50,135.179,135.189
3455,2023-05-09 01:04:52,135.178,135.188
3456,2023-05-09 01:04:54,135.179,135.189
3457,2023-05-09 01:04:58,135.17849999999999,135.18849999999998
3459,2023-05-09 01:04:59,135.17849999999999,135.18849999999998
3461,2023-05-09 01:05:00,135.179,135.189
3462,2023-05-09 01:05:01,135.176,135.18599999999998
3464,2023-05-09 01:05:02,135.17649999999998,135.18650000000002
3466,2023-05-09 01:05:03,135.17849999999999,135.18849999999998
3468,2023-05-09 01:05:07,135.175,135.185
3469,2023-05-09 01:05:08,135.17649999999998,135.18650000000002
3471,2023-05-09 01:05:09,135.17,135.18
3472,2023-05-09 01:05:11,135.168,135.178
3473,2023-05-09 01:05:12,135.169,135.179
3474,2023-05-09 01:05:13,135.168,135.178
3475,2023-05-09 01:05:15,135.171,135.181
3478,2023-05-09 01:05:16,135.175,135.185
3483,2023-05-09 01:05:17,135.171,135.181
3484,2023-05-09 01:05:18,135.169,135.179
3485,2023-05-09 01:05:22,135.168,135.178
3486,2023-05-09 01:05:24,135.16750000000002,135.1775
3488,2023-05-09 01:05:25,135.168,135.178
3489,2023-05-09 01:05:27,135.168,135.178
3492,2023-05-09 01:05:38,135.161,135.171
3493,2023-05-09 01:05:55,135.16,135.17
3494,2023-05-09 01:05:56,135.161,135.171
3495,2023-05-09 01:05:58,135.1565,135.16649999999998
3497,2023-05-09 01:05:59,135.16,135.17
3498,2023-05-09 01:06:00,135.1605,135.1705
3500,2023-05-09 01:06:01,135.16,135.17
3501,2023-05-09 01:06:03,135.161,135.171
3502,2023-05-09 01:06:04,135.164,135.174
3505,2023-05-09 01:06:05,135.166,135.176
3506,2023-05-09 01:06:06,135.165,135.175
3507,2023-05-09 01:06:07,135.162,135.172
3508,2023-05-09 01:06:08,135.163,135.173
3509,2023-05-09 01:06:09,135.16250000000002,135.1725
3511,2023-05-09 01:06:11,135.162,135.172
3512,2023-05-09 01:06:12,135.164,135.174
3513,2023-05-09 01:06:13,135.162,135.172
3516,2023-05-09 01:06:20,135.161,135.171
3517,2023-05-09 01:06:21,135.1615,135.17149999999998
3519,2023-05-09 01:06:22,135.16,135.17
3522,2023-05-09 01:06:23,135.16,135.17000000000002
3524,2023-05-09 01:06:24,135.161,135.171
3526,2023-05-09 01:06:25,135.161,135.171
3529,2023-05-09 01:06:28,135.15949999999998,135.1695
3531,2023-05-09 01:06:29,135.1515,135.1615
3533,2023-05-09 01:06:30,135.149,135.159
3534,2023-05-09 01:06:31,135.151,135.161
3537,2023-05-09 01:06:35,135.15050000000002,135.1605
3539,2023-05-09 01:06:36,135.1515,135.1615
3541,2023-05-09 01:06:37,135.157,135.167
3542,2023-05-09 01:06:38,135.154,135.164
3546,2023-05-09 01:06:39,135.151,135.161
3547,2023-05-09 01:06:48,135.152,135.162
3550,2023-05-09 01:06:49,135.151,135.161
3551,2023-05-09 01:06:51,135.1515,135.1615
3553,2023-05-09 01:06:52,135.152,135.162
3554,2023-05-09 01:06:53,135.151,135.161
3559,2023-05-09 01:06:54,135.151,135.1615
3561,2023-05-09 01:06:55,135.156,135.166
3566,2023-05-09 01:06:56,135.154,135.164
3568,2023-05-09 01:06:57,135.152,135.162
3569,2023-05-09 01:06:58,135.153,135.163
3572,2023-05-09 01:06:59,135.152,135.162
3573,2023-05-09 01:07:00,135.153,135.163
3578,2023-05-09 01:07:01,135.151,135.1615
3580,2023-05-09 01:07:02,135.1515,135.1615
3582,2023-05-09 01:07:06,135.15,135.16
3585,2023-05-09 01:07:07,135.15050000000002,135.1605
3589,2023-05-09 01:07:08,135.15050000000002,135.1605
3591,2023-05-09 01:07:09,135.151,135.161
3592,2023-05-09 01:07:10,135.15050000000002,135.1605
3594,2023-05-09 01:07:11,135.15050000000002,135.1605
3596,2023-05-09 01:07:12,135.1515,135.1615
3598,2023-05-09 01:07:15,135.15050000000002,135.1605
3600,2023-05-09 01:07:16,135.15,135.16
3603,2023-05-09 01:07:17,135.15050000000002,135.1605
3607,2023-05-09 01:07:18,135.151,135.161
3608,2023-05-09 01:07:19,135.1485,135.1585
3610,2023-05-09 01:07:20,135.1495,135.15949999999998
3612,2023-05-09 01:07:21,135.15,135.16
3613,2023-05-09 01:07:22,135.151,135.161
3614,2023-05-09 01:07:23,135.1515,135.1615
3616,2023-05-09 01:07:24,135.1515,135.1615
3618,2023-05-09 01:07:25,135.151,135.162
3621,2023-05-09 01:07:26,135.151,135.161
3622,2023-05-09 01:07:27,135.154,135.164
3625,2023-05-09 01:07:28,135.155,135.165
3629,2023-05-09 01:07:29,135.15449999999998,135.16449999999998
3631,2023-05-09 01:07:30,135.154,135.165
3632,2023-05-09 01:07:31,135.155,135.165
3635,2023-05-09 01:07:32,135.15550000000002,135.1655
3639,2023-05-09 01:07:33,135.163,135.173
3643,2023-05-09 01:07:35,135.161,135.17149999999998
3645,2023-05-09 01:07:42,135.16,135.17
3646,2023-05-09 01:07:47,135.16,135.171
3647,2023-05-09 01:07:49,135.1605,135.171
3649,2023-05-09 01:07:50,135.158,135.168
3650,2023-05-09 01:07:51,135.159,135.169
3651,2023-05-09 01:07:53,135.158,135.168
3652,2023-05-09 01:07:54,135.159,135.169
3653,2023-05-09 01:07:57,135.159,135.16899999999998
3655,2023-05-09 01:07:58,135.159,135.169
3656,2023-05-09 01:08:00,135.156,135.166
3659,2023-05-09 01:08:02,135.1515,135.1615
3661,2023-05-09 01:08:03,135.15,135.16
3664,2023-05-09 01:08:04,135.152,135.162
3665,2023-05-09 01:08:05,135.1515,135.1615
3667,2023-05-09 01:08:07,135.151,135.161
3668,2023-05-09 01:08:17,135.152,135.162
3669,2023-05-09 01:08:18,135.151,135.161
3670,2023-05-09 01:08:19,135.15,135.16
3671,2023-05-09 01:08:26,135.151,135.161
3672,2023-05-09 01:08:28,135.15050000000002,135.1605
3674,2023-05-09 01:08:30,135.15,135.16
3675,2023-05-09 01:08:38,135.141,135.151
3676,2023-05-09 01:08:39,135.14,135.15
3677,2023-05-09 01:08:41,135.141,135.151
3678,2023-05-09 01:08:42,135.14,135.15
3679,2023-05-09 01:08:43,135.141,135.151
3680,2023-05-09 01:08:44,135.14,135.15
3681,2023-05-09 01:08:48,135.14049999999997,135.15050000000002
3683,2023-05-09 01:08:51,135.141,135.151
3684,2023-05-09 01:08:55,135.14,135.15
3685,2023-05-09 01:08:57,135.141,135.151
3686,2023-05-09 01:08:59,135.14,135.15
3687,2023-05-09 01:09:00,135.1395,135.1495
3689,2023-05-09 01:09:01,135.14,135.15
3690,2023-05-09 01:09:02,135.139,135.149
3691,2023-05-09 01:09:03,135.14,135.15
3692,2023-05-09 01:09:09,135.141,135.151
3693,2023-05-09 01:09:10,135.14,135.15
3694,2023-05-09 01:09:12,135.135,135.145
3697,2023-05-09 01:09:19,135.1335,135.14350000000002
3699,2023-05-09 01:09:24,135.13799999999998,135.148
3701,2023-05-09 01:09:25,135.141,135.151
3702,2023-05-09 01:09:26,135.14,135.15
3703,2023-05-09 01:09:27,135.143,135.153
3706,2023-05-09 01:09:28,135.1485,135.1585
3708,2023-05-09 01:09:31,135.15,135.16
3709,2023-05-09 01:09:36,135.149,135.159
3710,2023-05-09 01:09:39,135.15,135.16
3711,2023-05-09 01:09:40,135.149,135.159
3712,2023-05-09 01:09:43,135.15,135.16
3713,2023-05-09 01:09:46,135.1495,135.15949999999998
3715,2023-05-09 01:10:00,135.15,135.16
3716,2023-05-09 01:10:02,135.149,135.159
3717,2023-05-09 01:10:03,135.15,135.16
3718,2023-05-09 01:10:11,135.149,135.159
3719,2023-05-09 01:10:14,135.15,135.16
3720,2023-05-09 01:10:16,135.151,135.161
3723,2023-05-09 01:10:17,135.151,135.161
3724,2023-05-09 01:10:20,135.152,135.162
3725,2023-05-09 01:10:22,135.155,135.165
3726,2023-05-09 01:10:23,135.152,135.162
3727,2023-05-09 01:10:24,135.151,135.161
3728,2023-05-09 01:10:29,135.15,135.16
3729,2023-05-09 01:10:30,135.151,135.161
3730,2023-05-09 01:10:34,135.15249999999997,135.16250000000002
3732,2023-05-09 01:10:36,135.152,135.162
3733,2023-05-09 01:10:39,135.15050000000002,135.1605
3735,2023-05-09 01:10:40,135.152,135.162
3736,2023-05-09 01:10:53,135.153,135.163
3737,2023-05-09 01:10:56,135.152,135.162
3738,2023-05-09 01:10:57,135.151,135.161
3739,2023-05-09 01:10:58,135.15050000000002,135.1605
3741,2023-05-09 01:10:59,135.152,135.162
3742,2023-05-09 01:11:00,135.151,135.161
3743,2023-05-09 01:11:10,135.15,135.16
3744,2023-05-09 01:11:16,135.151,135.161
3745,2023-05-09 01:11:22,135.15,135.16
3746,2023-05-09 01:11:23,135.151,135.161
3747,2023-05-09 01:11:24,135.15,135.16
3748,2023-05-09 01:11:26,135.151,135.161
3749,2023-05-09 01:11:30,135.15,135.161
3750,2023-05-09 01:11:32,135.15,135.1605
3752,2023-05-09 01:11:33,135.151,135.161
3753,2023-05-09 01:11:34,135.15,135.16
3754,2023-05-09 01:11:36,135.14249999999998,135.15249999999997
3756,2023-05-09 01:11:38,135.1415,135.1515
3758,2023-05-09 01:11:40,135.143,135.153
3759,2023-05-09 01:11:49,135.144,135.154
3760,2023-05-09 01:11:50,135.143,135.153
3763,2023-05-09 01:11:53,135.143,135.154
3764,2023-05-09 01:11:56,135.144,135.154
3767,2023-05-09 01:12:00,135.1445,135.15449999999998
3769,2023-05-09 01:12:01,135.144,135.155
3772,2023-05-09 01:12:02,135.14350000000002,135.1535
3774,2023-05-09 01:12:03,135.143,135.154
3775,2023-05-09 01:12:04,135.14249999999998,135.15249999999997
3777,2023-05-09 01:12:06,135.142,135.152
3778,2023-05-09 01:12:11,135.144,135.154
3779,2023-05-09 01:12:12,135.1415,135.1515
3781,2023-05-09 01:12:14,135.142,135.152
3782,2023-05-09 01:12:15,135.141,135.151
3783,2023-05-09 01:12:16,135.1415,135.1515
3785,2023-05-09 01:12:18,135.142,135.152
3786,2023-05-09 01:12:31,135.138,135.148
3787,2023-05-09 01:12:34,135.142,135.15249999999997
3789,2023-05-09 01:12:43,135.142,135.152
3790,2023-05-09 01:12:45,135.141,135.152
3791,2023-05-09 01:12:47,135.1415,135.152
3793,2023-05-09 01:12:50,135.141,135.151
3794,2023-05-09 01:12:53,135.14249999999998,135.15249999999997
3796,2023-05-09 01:12:54,135.141,135.152
3797,2023-05-09 01:12:55,135.141,135.151
3798,2023-05-09 01:12:57,135.142,135.152
3799,2023-05-09 01:13:00,135.142,135.152
3800,2023-05-09 01:13:02,135.143,135.153
3801,2023-05-09 01:13:05,135.142,135.153
3802,2023-05-09 01:13:10,135.143,135.153
3803,2023-05-09 01:13:11,135.144,135.154
3804,2023-05-09 01:13:12,135.142,135.153
3805,2023-05-09 01:13:14,135.142,135.152
3806,2023-05-09 01:13:18,135.141,135.151
3807,2023-05-09 01:13:21,135.1395,135.1495
3809,2023-05-09 01:13:22,135.14049999999997,135.15050000000002
3811,2023-05-09 01:13:23,135.14,135.15
3812,2023-05-09 01:13:26,135.14049999999997,135.15050000000002
3814,2023-05-09 01:13:28,135.141,135.151
3815,2023-05-09 01:13:32,135.133,135.143
3816,2023-05-09 01:13:39,135.134,135.144
3817,2023-05-09 01:13:40,135.133,135.143
3818,2023-05-09 01:13:48,135.134,135.144
3819,2023-05-09 01:13:49,135.133,135.144
3820,2023-05-09 01:13:51,135.134,135.144
3821,2023-05-09 01:13:52,135.133,135.143
3822,2023-05-09 01:14:00,135.133,135.143
3823,2023-05-09 01:14:01,135.1325,135.14249999999998
3825,2023-05-09 01:14:02,135.132,135.142
3826,2023-05-09 01:14:04,135.133,135.143
3827,2023-05-09 01:14:05,135.132,135.142
3828,2023-05-09 01:14:09,135.119,135.129
3829,2023-05-09 01:14:11,135.123,135.133
3830,2023-05-09 01:14:12,135.1225,135.1325
3834,2023-05-09 01:14:13,135.124,135.134
3835,2023-05-09 01:14:14,135.12349999999998,135.1335
3837,2023-05-09 01:14:15,135.123,135.133
3838,2023-05-09 01:14:16,135.116,135.126
3841,2023-05-09 01:14:20,135.1165,135.12650000000002
3843,2023-05-09 01:14:21,135.1225,135.1325
3845,2023-05-09 01:14:22,135.115,135.125
3846,2023-05-09 01:14:23,135.1165,135.12650000000002
3848,2023-05-09 01:14:24,135.118,135.128
3849,2023-05-09 01:14:25,135.125,135.135
3850,2023-05-09 01:14:26,135.124,135.134
3851,2023-05-09 01:14:27,135.1245,135.1345
3853,2023-05-09 01:14:29,135.12849999999997,135.13850000000002
3855,2023-05-09 01:14:32,135.127,135.137
3857,2023-05-09 01:14:33,135.126,135.136
3858,2023-05-09 01:14:34,135.124,135.134
3859,2023-05-09 01:14:35,135.1165,135.12650000000002
3861,2023-05-09 01:14:37,135.117,135.127
3862,2023-05-09 01:14:40,135.118,135.128
3863,2023-05-09 01:14:41,135.12,135.13
3864,2023-05-09 01:14:44,135.11950000000002,135.1295
3866,2023-05-09 01:14:45,135.1245,135.1345
3868,2023-05-09 01:14:48,135.124,135.134
3869,2023-05-09 01:14:50,135.124,135.135
3870,2023-05-09 01:14:51,135.124,135.134
3871,2023-05-09 01:14:55,135.1245,135.135
3873,2023-05-09 01:14:56,135.124,135.135
3874,2023-05-09 01:14:57,135.124,135.134
3875,2023-05-09 01:15:00,135.12349999999998,135.1335
3877,2023-05-09 01:15:04,135.123,135.133
3878,2023-05-09 01:15:06,135.122,135.132
3879,2023-05-09 01:15:07,135.123,135.133
3880,2023-05-09 01:15:13,135.122,135.132
3881,2023-05-09 01:15:14,135.118,135.128
3882,2023-05-09 01:15:15,135.111,135.121
3883,2023-05-09 01:15:17,135.122,135.132
3886,2023-05-09 01:15:21,135.124,135.134
3887,2023-05-09 01:15:23,135.125,135.135
3888,2023-05-09 01:15:25,135.124,135.134
3889,2023-05-09 01:15:28,135.125,135.135
3890,2023-05-09 01:15:30,135.132,135.142
3891,2023-05-09 01:15:31,135.131,135.141
3892,2023-05-09 01:15:36,135.132,135.142
3893,2023-05-09 01:15:41,135.133,135.143
3896,2023-05-09 01:15:43,135.1325,135.14249999999998
3898,2023-05-09 01:15:45,135.134,135.144
3899,2023-05-09 01:15:47,135.131,135.141
3900,2023-05-09 01:15:48,135.13049999999998,135.14049999999997
3902,2023-05-09 01:15:51,135.12599999999998,135.136
3904,2023-05-09 01:15:52,135.122,135.132
3906,2023-05-09 01:15:55,135.1255,135.13549999999998
3908,2023-05-09 01:15:56,135.132,135.142
3910,2023-05-09 01:15:57,135.134,135.144
3911,2023-05-09 01:16:00,135.134,135.144
3912,2023-05-09 01:16:04,135.135,135.145
3913,2023-05-09 01:16:06,135.1375,135.14749999999998
3915,2023-05-09 01:16:08,135.137,135.14749999999998
3917,2023-05-09 01:16:11,135.138,135.148
3918,2023-05-09 01:16:12,135.1375,135.148
3920,2023-05-09 01:16:13,135.138,135.1485
3922,2023-05-09 01:16:14,135.137,135.14749999999998
3924,2023-05-09 01:16:17,135.14,135.15
3925,2023-05-09 01:16:18,135.13850000000002,135.1485
3927,2023-05-09 01:16:19,135.138,135.149
3928,2023-05-09 01:16:20,135.139,135.149
3929,2023-05-09 01:16:21,135.141,135.151
3932,2023-05-09 01:16:26,135.141,135.151
3933,2023-05-09 01:16:27,135.14350000000002,135.1535
3935,2023-05-09 01:16:29,135.143,135.153
3938,2023-05-09 01:16:30,135.141,135.151
3939,2023-05-09 01:16:37,135.143,135.153
3940,2023-05-09 01:16:38,135.142,135.152
3941,2023-05-09 01:16:40,135.14249999999998,135.15249999999997
3943,2023-05-09 01:16:43,135.143,135.153
3944,2023-05-09 01:16:47,135.14249999999998,135.15249999999997
3946,2023-05-09 01:16:48,135.142,135.152
3947,2023-05-09 01:16:49,135.14249999999998,135.15249999999997
3949,2023-05-09 01:16:50,135.1405,135.1505
3951,2023-05-09 01:16:51,135.1375,135.14749999999998
3953,2023-05-09 01:16:54,135.1365,135.1465
3955,2023-05-09 01:16:55,135.138,135.148
3958,2023-05-09 01:16:59,135.13549999999998,135.1455
3960,2023-05-09 01:17:00,135.1345,135.1445
3962,2023-05-09 01:17:01,135.136,135.147
3965,2023-05-09 01:17:02,135.138,135.148
3966,2023-05-09 01:17:10,135.137,135.147
3967,2023-05-09 01:17:12,135.1375,135.14749999999998
3969,2023-05-09 01:17:13,135.1375,135.14749999999998
3971,2023-05-09 01:17:14,135.15050000000002,135.1605
3977,2023-05-09 01:17:16,135.15,135.16
3978,2023-05-09 01:17:34,135.151,135.161
3979,2023-05-09 01:17:35,135.15,135.16
3980,2023-05-09 01:17:37,135.151,135.161
3981,2023-05-09 01:17:38,135.15,135.16
3982,2023-05-09 01:17:41,135.149,135.159
3983,2023-05-09 01:17:42,135.145,135.155
3984,2023-05-09 01:17:43,135.147,135.157
3985,2023-05-09 01:17:45,135.146,135.156
3986,2023-05-09 01:17:53,135.1445,135.15449999999998
3988,2023-05-09 01:17:57,135.143,135.153
3989,2023-05-09 01:18:00,135.142,135.152
3992,2023-05-09 01:18:04,135.142,135.152
3993,2023-05-09 01:18:09,135.143,135.153
3994,2023-05-09 01:18:11,135.14499999999998,135.15550000000002
3996,2023-05-09 01:18:12,135.14350000000002,135.1535
3998,2023-05-09 01:18:15,135.143,135.153
3999,2023-05-09 01:18:16,135.144,135.154
4000,2023-05-09 01:18:49,135.1455,135.15550000000002
4002,2023-05-09 01:18:55,135.15,135.16
4003,2023-05-09 01:18:59,135.1555,135.1655
4005,2023-05-09 01:19:00,135.151,135.1615
4009,2023-05-09 01:19:01,135.151,135.161
4010,2023-05-09 01:19:03,135.151,135.161
4013,2023-05-09 01:19:05,135.151,135.161
4014,2023-05-09 01:19:07,135.15,135.16
4015,2023-05-09 01:19:08,135.14749999999998,135.1575
4017,2023-05-09 01:19:09,135.146,135.156
4018,2023-05-09 01:19:10,135.1485,135.1585
4022,2023-05-09 01:19:14,135.154,135.164
4023,2023-05-09 01:19:18,135.169,135.179
4028,2023-05-09 01:19:19,135.17649999999998,135.18650000000002
4032,2023-05-09 01:19:20,135.174,135.184
4035,2023-05-09 01:19:21,135.17,135.18
4038,2023-05-09 01:19:22,135.172,135.182
4039,2023-05-09 01:19:24,135.17,135.18
4040,2023-05-09 01:19:25,135.171,135.181
4041,2023-05-09 01:19:31,135.179,135.189
4042,2023-05-09 01:19:32,135.177,135.187
4043,2023-05-09 01:19:33,135.178,135.188
4044,2023-05-09 01:19:34,135.179,135.189
4045,2023-05-09 01:19:37,135.1815,135.19150000000002
4047,2023-05-09 01:19:40,135.181,135.191
4048,2023-05-09 01:19:43,135.1775,135.1875
4052,2023-05-09 01:19:46,135.181,135.191
4053,2023-05-09 01:19:47,135.1815,135.19150000000002
4057,2023-05-09 01:19:48,135.182,135.192
4062,2023-05-09 01:19:49,135.16199999999998,135.172
4064,2023-05-09 01:19:50,135.1635,135.1735
4066,2023-05-09 01:19:54,135.162,135.172
4071,2023-05-09 01:19:56,135.163,135.173
4072,2023-05-09 01:19:57,135.155,135.165
