,time,bid,ask
0,2023-05-09 00:00:00,0.90658,0.90685
1,2023-05-09 00:00:01,0.90656,0.90683
2,2023-05-09 00:00:01,0.90658,0.90685
3,2023-05-09 00:00:01,0.90659,0.90686
4,2023-05-09 00:00:02,0.90655,0.90682
5,2023-05-09 00:00:03,0.90652,0.90679
6,2023-05-09 00:00:04,0.90651,0.90678
7,2023-05-09 00:00:04,0.90652,0.90679
8,2023-05-09 00:00:04,0.90653,0.9068
9,2023-05-09 00:00:04,0.90654,0.90681
10,2023-05-09 00:00:05,0.90653,0.9068
11,2023-05-09 00:00:06,0.90654,0.90681
12,2023-05-09 00:00:07,0.90653,0.9068
13,2023-05-09 00:00:08,0.90654,0.90681
14,2023-05-09 00:00:08,0.90651,0.90678
15,2023-05-09 00:00:09,0.90649,0.90676
16,2023-05-09 00:00:09,0.9065,0.90677
17,2023-05-09 00:00:09,0.90652,0.90679
18,2023-05-09 00:00:09,0.90653,0.9068
19,2023-05-09 00:00:10,0.9065,0.90677
20,2023-05-09 00:00:10,0.90651,0.90678
21,2023-05-09 00:00:11,0.90652,0.90679
22,2023-05-09 00:00:11,0.90649,0.90676
23,2023-05-09 00:00:12,0.90647,0.90674
24,2023-05-09 00:00:12,0.90646,0.90673
25,2023-05-09 00:00:12,0.90645,0.90672
26,2023-05-09 00:00:14,0.90647,0.90674
27,2023-05-09 00:00:15,0.90646,0.90673
28,2023-05-09 00:00:16,0.90649,0.90676
29,2023-05-09 00:00:16,0.9065,0.90677
30,2023-05-09 00:00:17,0.90652,0.90679
31,2023-05-09 00:00:19,0.90653,0.9068
32,2023-05-09 00:00:19,0.90652,0.90679
33,2023-05-09 00:00:20,0.90653,0.9068
34,2023-05-09 00:00:22,0.90654,0.90681
35,2023-05-09 00:00:22,0.90653,0.9068
36,2023-05-09 00:00:24,0.90652,0.90679
37,2023-05-09 00:00:24,0.90653,0.9068
38,2023-05-09 00:00:26,0.90651,0.90678
39,2023-05-09 00:00:26,0.90652,0.90679
40,2023-05-09 00:00:26,0.90653,0.9068
41,2023-05-09 00:00:27,0.90652,0.90679
42,2023-05-09 00:00:28,0.90653,0.9068
43,2023-05-09 00:00:30,0.9065,0.90677
44,2023-05-09 00:00:30,0.90651,0.90678
45,2023-05-09 00:00:31,0.90649,0.90676
46,2023-05-09 00:00:31,0.9065,0.90677
47,2023-05-09 00:00:32,0.90651,0.90678
48,2023-05-09 00:00:36,0.9065,0.90677
49,2023-05-09 00:00:36,0.90652,0.90679
50,2023-05-09 00:00:38,0.90653,0.9068
51,2023-05-09 00:00:38,0.90652,0.90679
52,2023-05-09 00:00:39,0.90651,0.90678
53,2023-05-09 00:00:40,0.90652,0.90679
54,2023-05-09 00:00:40,0.90653,0.9068
55,2023-05-09 00:00:40,0.90654,0.90681
56,2023-05-09 00:00:41,0.90653,0.9068
57,2023-05-09 00:00:41,0.90654,0.90681
58,2023-05-09 00:00:41,0.90657,0.90684
59,2023-05-09 00:00:41,0.90653,0.9068
60,2023-05-09 00:00:42,0.90652,0.90679
61,2023-05-09 00:00:42,0.90648,0.90675
62,2023-05-09 00:00:42,0.90644,0.90671
63,2023-05-09 00:00:43,0.90643,0.9067
64,2023-05-09 00:00:44,0.9064,0.90667
65,2023-05-09 00:00:44,0.90639,0.90666
66,2023-05-09 00:00:46,0.90638,0.90665
67,2023-05-09 00:00:46,0.90639,0.90666
68,2023-05-09 00:00:47,0.90638,0.90665
69,2023-05-09 00:00:48,0.90639,0.90666
70,2023-05-09 00:00:48,0.90638,0.90665
71,2023-05-09 00:00:51,0.90637,0.90664
72,2023-05-09 00:00:52,0.90638,0.90665
73,2023-05-09 00:00:52,0.90636,0.90663
74,2023-05-09 00:00:52,0.90637,0.90664
75,2023-05-09 00:00:53,0.90636,0.90663
76,2023-05-09 00:00:54,0.90635,0.90662
77,2023-05-09 00:00:54,0.90634,0.90661
78,2023-05-09 00:00:55,0.90635,0.90662
79,2023-05-09 00:00:55,0.90636,0.90663
80,2023-05-09 00:00:56,0.90637,0.90664
81,2023-05-09 00:00:57,0.90639,0.90666
82,2023-05-09 00:00:57,0.9064,0.90667
83,2023-05-09 00:00:58,0.90641,0.90668
84,2023-05-09 00:01:00,0.9064,0.90667
85,2023-05-09 00:01:01,0.90638,0.90665
86,2023-05-09 00:01:01,0.90634,0.90661
87,2023-05-09 00:01:02,0.90633,0.9066
88,2023-05-09 00:01:03,0.90632,0.90659
89,2023-05-09 00:01:03,0.90631,0.90658
90,2023-05-09 00:01:03,0.90632,0.90659
91,2023-05-09 00:01:04,0.90633,0.9066
92,2023-05-09 00:01:04,0.90632,0.90659
93,2023-05-09 00:01:05,0.90634,0.90661
94,2023-05-09 00:01:05,0.90635,0.90662
95,2023-05-09 00:01:05,0.90634,0.90661
96,2023-05-09 00:01:06,0.90633,0.9066
97,2023-05-09 00:01:06,0.90632,0.90659
98,2023-05-09 00:01:07,0.90633,0.9066
99,2023-05-09 00:01:09,0.90632,0.90659
100,2023-05-09 00:01:10,0.90636,0.90663
101,2023-05-09 00:01:10,0.90637,0.90664
102,2023-05-09 00:01:10,0.90638,0.90665
103,2023-05-09 00:01:11,0.90636,0.90663
104,2023-05-09 00:01:12,0.90637,0.90664
105,2023-05-09 00:01:12,0.90636,0.90663
106,2023-05-09 00:01:13,0.90638,0.90665
107,2023-05-09 00:01:13,0.90639,0.90666
108,2023-05-09 00:01:14,0.9064,0.90667
109,2023-05-09 00:01:16,0.90641,0.90668
110,2023-05-09 00:01:19,0.9064,0.90667
111,2023-05-09 00:01:22,0.90635,0.90662
112,2023-05-09 00:01:22,0.90637,0.90664
113,2023-05-09 00:01:24,0.90638,0.90665
114,2023-05-09 00:01:26,0.90639,0.90666
115,2023-05-09 00:01:29,0.90638,0.90665
116,2023-05-09 00:01:29,0.90639,0.90666
117,2023-05-09 00:01:30,0.90636,0.90663
118,2023-05-09 00:01:30,0.90637,0.90664
119,2023-05-09 00:01:31,0.90639,0.90666
120,2023-05-09 00:01:32,0.90635,0.90662
121,2023-05-09 00:01:32,0.90636,0.90663
122,2023-05-09 00:01:33,0.90637,0.90664
123,2023-05-09 00:01:33,0.90636,0.90663
124,2023-05-09 00:01:34,0.90637,0.90664
125,2023-05-09 00:01:35,0.90636,0.90663
126,2023-05-09 00:01:36,0.90635,0.90662
127,2023-05-09 00:01:39,0.90633,0.9066
128,2023-05-09 00:01:39,0.90635,0.90662
129,2023-05-09 00:01:42,0.90633,0.9066
130,2023-05-09 00:01:42,0.90634,0.90661
131,2023-05-09 00:01:44,0.90635,0.90662
132,2023-05-09 00:01:45,0.90632,0.90659
133,2023-05-09 00:01:48,0.90629,0.90656
134,2023-05-09 00:01:48,0.9063,0.90657
135,2023-05-09 00:01:50,0.90628,0.90655
136,2023-05-09 00:01:51,0.90629,0.90656
137,2023-05-09 00:01:52,0.90631,0.90658
138,2023-05-09 00:01:52,0.9063,0.90657
139,2023-05-09 00:01:53,0.90627,0.90654
140,2023-05-09 00:01:53,0.90624,0.90651
141,2023-05-09 00:01:53,0.90625,0.90652
142,2023-05-09 00:01:58,0.90623,0.9065
143,2023-05-09 00:01:58,0.90622,0.90649
144,2023-05-09 00:02:00,0.90621,0.90648
145,2023-05-09 00:02:00,0.90622,0.90649
146,2023-05-09 00:02:00,0.90621,0.90648
147,2023-05-09 00:02:02,0.90624,0.90651
148,2023-05-09 00:02:03,0.90621,0.90648
149,2023-05-09 00:02:07,0.90624,0.90651
150,2023-05-09 00:02:09,0.90625,0.90652
151,2023-05-09 00:02:11,0.90627,0.90654
152,2023-05-09 00:02:12,0.90629,0.90656
153,2023-05-09 00:02:13,0.90628,0.90655
154,2023-05-09 00:02:15,0.90624,0.90651
155,2023-05-09 00:02:16,0.90623,0.9065
156,2023-05-09 00:02:16,0.90624,0.90651
157,2023-05-09 00:02:16,0.90623,0.9065
158,2023-05-09 00:02:18,0.90625,0.90652
159,2023-05-09 00:02:24,0.90624,0.90651
160,2023-05-09 00:02:24,0.90625,0.90652
161,2023-05-09 00:02:26,0.90626,0.90653
162,2023-05-09 00:02:28,0.90625,0.90652
163,2023-05-09 00:02:29,0.90627,0.90654
164,2023-05-09 00:02:30,0.90625,0.90652
165,2023-05-09 00:02:30,0.90624,0.90651
166,2023-05-09 00:02:31,0.90626,0.90653
167,2023-05-09 00:02:35,0.90625,0.90652
168,2023-05-09 00:02:39,0.90619,0.90646
169,2023-05-09 00:02:39,0.9062,0.90647
170,2023-05-09 00:02:40,0.90619,0.90646
171,2023-05-09 00:02:40,0.9062,0.90647
172,2023-05-09 00:02:41,0.90619,0.90646
173,2023-05-09 00:02:44,0.90616,0.90643
174,2023-05-09 00:02:49,0.90617,0.90644
175,2023-05-09 00:02:54,0.90614,0.90641
176,2023-05-09 00:02:54,0.90612,0.90639
177,2023-05-09 00:02:54,0.90615,0.90642
178,2023-05-09 00:02:55,0.90616,0.90643
179,2023-05-09 00:02:56,0.90615,0.90642
180,2023-05-09 00:02:58,0.90616,0.90643
181,2023-05-09 00:03:00,0.90616,0.90643
182,2023-05-09 00:03:00,0.90615,0.90642
183,2023-05-09 00:03:06,0.90616,0.90643
184,2023-05-09 00:03:09,0.90618,0.90645
185,2023-05-09 00:03:09,0.90617,0.90644
186,2023-05-09 00:03:10,0.90615,0.90642
187,2023-05-09 00:03:14,0.90616,0.90643
188,2023-05-09 00:03:20,0.90617,0.90644
189,2023-05-09 00:03:21,0.90618,0.90645
190,2023-05-09 00:03:21,0.90614,0.90641
191,2023-05-09 00:03:22,0.90615,0.90642
192,2023-05-09 00:03:22,0.90614,0.90641
193,2023-05-09 00:03:22,0.90613,0.9064
194,2023-05-09 00:03:24,0.90614,0.90641
195,2023-05-09 00:03:25,0.90613,0.9064
196,2023-05-09 00:03:26,0.90614,0.90641
197,2023-05-09 00:03:27,0.90615,0.90642
198,2023-05-09 00:03:28,0.90614,0.90641
199,2023-05-09 00:03:28,0.90612,0.90639
200,2023-05-09 00:03:28,0.90613,0.9064
201,2023-05-09 00:03:34,0.90614,0.90641
202,2023-05-09 00:03:35,0.90619,0.90646
203,2023-05-09 00:03:35,0.90617,0.90644
204,2023-05-09 00:03:36,0.90616,0.90643
205,2023-05-09 00:03:36,0.90617,0.90644
206,2023-05-09 00:03:36,0.90616,0.90643
207,2023-05-09 00:03:41,0.90615,0.90642
208,2023-05-09 00:03:42,0.90614,0.90641
209,2023-05-09 00:03:43,0.90616,0.90643
210,2023-05-09 00:03:43,0.90617,0.90644
211,2023-05-09 00:03:45,0.90616,0.90643
212,2023-05-09 00:03:46,0.90618,0.90645
213,2023-05-09 00:03:48,0.90619,0.90646
214,2023-05-09 00:03:49,0.90618,0.90645
215,2023-05-09 00:03:51,0.90617,0.90644
216,2023-05-09 00:03:52,0.90616,0.90643
217,2023-05-09 00:03:53,0.90613,0.9064
218,2023-05-09 00:03:53,0.90614,0.90641
219,2023-05-09 00:03:55,0.90613,0.9064
220,2023-05-09 00:03:55,0.90614,0.90641
221,2023-05-09 00:03:56,0.90615,0.90642
222,2023-05-09 00:03:57,0.90614,0.90641
223,2023-05-09 00:03:58,0.90611,0.90638
224,2023-05-09 00:03:59,0.9061,0.90637
225,2023-05-09 00:03:59,0.90611,0.90638
226,2023-05-09 00:04:00,0.90611,0.90638
227,2023-05-09 00:04:00,0.90609,0.90636
228,2023-05-09 00:04:00,0.9061,0.90637
229,2023-05-09 00:04:01,0.90609,0.90636
230,2023-05-09 00:04:04,0.9061,0.90637
231,2023-05-09 00:04:04,0.90609,0.90636
232,2023-05-09 00:04:12,0.90608,0.90635
233,2023-05-09 00:04:15,0.90606,0.90633
234,2023-05-09 00:04:17,0.90605,0.90632
235,2023-05-09 00:04:19,0.90608,0.90635
236,2023-05-09 00:04:21,0.90609,0.90636
237,2023-05-09 00:04:21,0.90611,0.90638
238,2023-05-09 00:04:22,0.90612,0.90639
239,2023-05-09 00:04:23,0.9061,0.90637
240,2023-05-09 00:04:25,0.90607,0.90634
241,2023-05-09 00:04:25,0.90611,0.90638
242,2023-05-09 00:04:25,0.90613,0.9064
243,2023-05-09 00:04:27,0.90615,0.90642
244,2023-05-09 00:04:27,0.90616,0.90643
245,2023-05-09 00:04:28,0.90615,0.90642
246,2023-05-09 00:04:30,0.90614,0.90641
247,2023-05-09 00:04:30,0.90615,0.90642
248,2023-05-09 00:04:31,0.90616,0.90643
249,2023-05-09 00:04:33,0.90615,0.90642
250,2023-05-09 00:04:47,0.90616,0.90643
251,2023-05-09 00:04:52,0.90617,0.90644
252,2023-05-09 00:04:53,0.90618,0.90645
253,2023-05-09 00:04:53,0.90621,0.90648
254,2023-05-09 00:04:54,0.90623,0.9065
255,2023-05-09 00:04:54,0.90626,0.90653
256,2023-05-09 00:04:57,0.90628,0.90655
257,2023-05-09 00:04:59,0.90627,0.90654
258,2023-05-09 00:05:00,0.90627,0.90654
259,2023-05-09 00:05:01,0.9063,0.90657
260,2023-05-09 00:05:02,0.90631,0.90658
261,2023-05-09 00:05:13,0.9063,0.90657
262,2023-05-09 00:05:15,0.90631,0.90658
263,2023-05-09 00:05:18,0.90639,0.90666
264,2023-05-09 00:05:18,0.90638,0.90665
265,2023-05-09 00:05:19,0.9064,0.90667
266,2023-05-09 00:05:19,0.90646,0.90673
267,2023-05-09 00:05:20,0.9065,0.90677
268,2023-05-09 00:05:23,0.90651,0.90678
269,2023-05-09 00:05:25,0.9065,0.90677
270,2023-05-09 00:05:26,0.90651,0.90678
271,2023-05-09 00:05:26,0.90656,0.90683
272,2023-05-09 00:05:27,0.90653,0.9068
273,2023-05-09 00:05:27,0.90656,0.90683
274,2023-05-09 00:05:28,0.90655,0.90682
275,2023-05-09 00:05:30,0.90656,0.90683
276,2023-05-09 00:05:30,0.90659,0.90686
277,2023-05-09 00:05:32,0.9066,0.90687
278,2023-05-09 00:05:35,0.90661,0.90688
279,2023-05-09 00:05:35,0.9066,0.90687
280,2023-05-09 00:05:38,0.90661,0.90688
281,2023-05-09 00:05:41,0.90662,0.90689
282,2023-05-09 00:05:43,0.9066,0.90687
283,2023-05-09 00:05:44,0.90658,0.90685
284,2023-05-09 00:05:45,0.9066,0.90687
285,2023-05-09 00:05:45,0.90661,0.90688
286,2023-05-09 00:05:45,0.9066,0.90687
287,2023-05-09 00:05:47,0.90659,0.90686
288,2023-05-09 00:05:47,0.90654,0.90681
289,2023-05-09 00:05:51,0.90657,0.90684
290,2023-05-09 00:05:51,0.90656,0.90683
291,2023-05-09 00:05:53,0.90655,0.90682
292,2023-05-09 00:05:53,0.90657,0.90684
293,2023-05-09 00:05:54,0.90658,0.90685
294,2023-05-09 00:05:56,0.90659,0.90686
295,2023-05-09 00:06:00,0.9066,0.90687
296,2023-05-09 00:06:01,0.90661,0.90688
297,2023-05-09 00:06:06,0.90659,0.90686
298,2023-05-09 00:06:12,0.90658,0.90685
299,2023-05-09 00:06:12,0.90659,0.90686
300,2023-05-09 00:06:13,0.9066,0.90687
301,2023-05-09 00:06:14,0.90659,0.90686
302,2023-05-09 00:06:14,0.90658,0.90685
303,2023-05-09 00:06:20,0.90659,0.90686
304,2023-05-09 00:06:21,0.90657,0.90684
305,2023-05-09 00:06:22,0.90656,0.90683
306,2023-05-09 00:06:22,0.90658,0.90685
307,2023-05-09 00:06:22,0.90657,0.90684
308,2023-05-09 00:06:29,0.90658,0.90685
309,2023-05-09 00:06:29,0.90659,0.90686
310,2023-05-09 00:06:30,0.90657,0.90684
311,2023-05-09 00:06:30,0.90658,0.90685
312,2023-05-09 00:06:32,0.90657,0.90684
313,2023-05-09 00:06:32,0.90656,0.90683
314,2023-05-09 00:06:33,0.90657,0.90684
315,2023-05-09 00:06:36,0.90656,0.90683
316,2023-05-09 00:06:40,0.90653,0.9068
317,2023-05-09 00:06:40,0.90656,0.90683
318,2023-05-09 00:06:40,0.90655,0.90682
319,2023-05-09 00:06:42,0.90653,0.9068
320,2023-05-09 00:06:46,0.90652,0.90679
321,2023-05-09 00:06:51,0.90656,0.90683
322,2023-05-09 00:06:51,0.90655,0.90682
323,2023-05-09 00:06:54,0.90656,0.90683
324,2023-05-09 00:06:56,0.90653,0.9068
325,2023-05-09 00:06:56,0.90656,0.90683
326,2023-05-09 00:06:57,0.90655,0.90682
327,2023-05-09 00:06:57,0.90653,0.9068
328,2023-05-09 00:06:58,0.90655,0.90682
329,2023-05-09 00:06:59,0.90653,0.9068
330,2023-05-09 00:07:00,0.90653,0.9068
331,2023-05-09 00:07:04,0.90655,0.90682
332,2023-05-09 00:07:05,0.90656,0.90683
333,2023-05-09 00:07:07,0.90654,0.90681
334,2023-05-09 00:07:13,0.90653,0.9068
335,2023-05-09 00:07:16,0.90655,0.90682
336,2023-05-09 00:07:18,0.90654,0.90681
337,2023-05-09 00:07:21,0.90653,0.9068
338,2023-05-09 00:07:22,0.90654,0.90681
339,2023-05-09 00:07:24,0.90655,0.90682
340,2023-05-09 00:07:26,0.90657,0.90684
341,2023-05-09 00:07:31,0.90654,0.90681
342,2023-05-09 00:07:31,0.90655,0.90682
343,2023-05-09 00:07:32,0.90656,0.90683
344,2023-05-09 00:07:36,0.90659,0.90686
345,2023-05-09 00:07:36,0.90661,0.90688
346,2023-05-09 00:07:40,0.90662,0.90689
347,2023-05-09 00:07:41,0.90661,0.90688
348,2023-05-09 00:07:44,0.9066,0.90687
349,2023-05-09 00:07:46,0.90661,0.90688
350,2023-05-09 00:07:46,0.9066,0.90687
351,2023-05-09 00:07:47,0.90662,0.90689
352,2023-05-09 00:07:47,0.90661,0.90688
353,2023-05-09 00:07:48,0.9066,0.90687
354,2023-05-09 00:07:50,0.90661,0.90688
355,2023-05-09 00:07:52,0.90662,0.90689
356,2023-05-09 00:07:52,0.9066,0.90687
357,2023-05-09 00:07:53,0.90662,0.90689
358,2023-05-09 00:07:54,0.90663,0.9069
359,2023-05-09 00:07:56,0.90662,0.90689
360,2023-05-09 00:07:58,0.90661,0.90688
361,2023-05-09 00:07:58,0.9066,0.90687
362,2023-05-09 00:08:00,0.9066,0.90687
363,2023-05-09 00:08:00,0.90659,0.90686
364,2023-05-09 00:08:01,0.9066,0.90687
365,2023-05-09 00:08:01,0.90662,0.90689
366,2023-05-09 00:08:01,0.90663,0.9069
367,2023-05-09 00:08:03,0.90661,0.90688
368,2023-05-09 00:08:13,0.90659,0.90686
369,2023-05-09 00:08:17,0.9066,0.90687
370,2023-05-09 00:08:17,0.90661,0.90688
371,2023-05-09 00:08:17,0.90662,0.90689
372,2023-05-09 00:08:18,0.90663,0.9069
373,2023-05-09 00:08:19,0.90662,0.90689
374,2023-05-09 00:08:21,0.9066,0.90687
375,2023-05-09 00:08:22,0.90662,0.90689
376,2023-05-09 00:08:30,0.90664,0.90691
377,2023-05-09 00:08:32,0.90665,0.90692
378,2023-05-09 00:08:32,0.90659,0.90686
379,2023-05-09 00:08:34,0.90661,0.90688
380,2023-05-09 00:08:34,0.9066,0.90687
381,2023-05-09 00:08:34,0.90661,0.90688
382,2023-05-09 00:08:37,0.90658,0.90685
383,2023-05-09 00:08:39,0.90659,0.90686
384,2023-05-09 00:08:41,0.9066,0.90687
385,2023-05-09 00:08:42,0.90659,0.90686
386,2023-05-09 00:08:44,0.90662,0.90689
387,2023-05-09 00:08:46,0.90661,0.90688
388,2023-05-09 00:08:47,0.90659,0.90686
389,2023-05-09 00:08:59,0.90655,0.90682
390,2023-05-09 00:09:00,0.90654,0.90681
391,2023-05-09 00:09:00,0.90653,0.9068
392,2023-05-09 00:09:02,0.90655,0.90682
393,2023-05-09 00:09:03,0.90649,0.90676
394,2023-05-09 00:09:03,0.90651,0.90678
395,2023-05-09 00:09:03,0.90653,0.9068
396,2023-05-09 00:09:05,0.90654,0.90681
397,2023-05-09 00:09:05,0.90655,0.90682
398,2023-05-09 00:09:07,0.90654,0.90681
399,2023-05-09 00:09:08,0.90655,0.90682
400,2023-05-09 00:09:09,0.90654,0.90681
401,2023-05-09 00:09:10,0.90653,0.9068
402,2023-05-09 00:09:11,0.90654,0.90681
403,2023-05-09 00:09:12,0.90653,0.9068
404,2023-05-09 00:09:15,0.90654,0.90681
405,2023-05-09 00:09:16,0.90656,0.90683
406,2023-05-09 00:09:18,0.90657,0.90684
407,2023-05-09 00:09:22,0.90658,0.90685
408,2023-05-09 00:09:25,0.90657,0.90684
409,2023-05-09 00:09:33,0.90656,0.90683
410,2023-05-09 00:09:33,0.90657,0.90684
411,2023-05-09 00:09:38,0.90652,0.90679
412,2023-05-09 00:09:38,0.90651,0.90678
413,2023-05-09 00:09:39,0.9065,0.90677
414,2023-05-09 00:09:40,0.90648,0.90675
415,2023-05-09 00:09:40,0.90649,0.90676
416,2023-05-09 00:09:42,0.9065,0.90677
417,2023-05-09 00:09:44,0.90648,0.90675
418,2023-05-09 00:09:45,0.9065,0.90677
419,2023-05-09 00:09:45,0.90651,0.90678
420,2023-05-09 00:09:46,0.90649,0.90676
421,2023-05-09 00:09:50,0.90648,0.90675
422,2023-05-09 00:09:55,0.90647,0.90674
423,2023-05-09 00:09:57,0.90649,0.90676
424,2023-05-09 00:09:58,0.90648,0.90675
425,2023-05-09 00:09:59,0.90649,0.90676
426,2023-05-09 00:10:00,0.90649,0.90676
427,2023-05-09 00:10:00,0.90652,0.90679
428,2023-05-09 00:10:01,0.90653,0.9068
429,2023-05-09 00:10:02,0.90651,0.90678
430,2023-05-09 00:10:03,0.90649,0.90676
431,2023-05-09 00:10:05,0.9065,0.90677
432,2023-05-09 00:10:07,0.90649,0.90676
433,2023-05-09 00:10:12,0.90648,0.90675
434,2023-05-09 00:10:14,0.90651,0.90678
435,2023-05-09 00:10:16,0.9065,0.90677
436,2023-05-09 00:10:21,0.90645,0.90672
437,2023-05-09 00:10:24,0.90644,0.90671
438,2023-05-09 00:10:26,0.90643,0.9067
439,2023-05-09 00:10:26,0.9064,0.90667
440,2023-05-09 00:10:28,0.90639,0.90666
441,2023-05-09 00:10:29,0.90641,0.90668
442,2023-05-09 00:10:29,0.9064,0.90667
443,2023-05-09 00:10:31,0.90641,0.90668
444,2023-05-09 00:10:32,0.90644,0.90671
445,2023-05-09 00:10:33,0.90645,0.90672
446,2023-05-09 00:10:40,0.90646,0.90673
447,2023-05-09 00:10:41,0.90645,0.90672
448,2023-05-09 00:10:42,0.90646,0.90673
449,2023-05-09 00:10:42,0.90647,0.90674
450,2023-05-09 00:10:42,0.90646,0.90673
451,2023-05-09 00:10:46,0.90647,0.90674
452,2023-05-09 00:10:46,0.90646,0.90673
453,2023-05-09 00:10:46,0.90647,0.90674
454,2023-05-09 00:10:48,0.90648,0.90675
455,2023-05-09 00:10:49,0.90652,0.90679
456,2023-05-09 00:10:49,0.90651,0.90678
457,2023-05-09 00:10:51,0.90652,0.90679
458,2023-05-09 00:10:53,0.90653,0.9068
459,2023-05-09 00:10:53,0.90652,0.90679
460,2023-05-09 00:10:54,0.90651,0.90678
461,2023-05-09 00:10:54,0.90652,0.90679
462,2023-05-09 00:10:55,0.90653,0.9068
463,2023-05-09 00:10:56,0.90652,0.90679
464,2023-05-09 00:10:56,0.90653,0.9068
465,2023-05-09 00:10:57,0.90652,0.90679
466,2023-05-09 00:10:58,0.90651,0.90678
467,2023-05-09 00:11:00,0.90651,0.90678
468,2023-05-09 00:11:05,0.90652,0.90679
469,2023-05-09 00:11:05,0.90653,0.9068
470,2023-05-09 00:11:08,0.90652,0.90679
471,2023-05-09 00:11:10,0.90653,0.9068
472,2023-05-09 00:11:11,0.90658,0.90685
473,2023-05-09 00:11:16,0.90657,0.90684
474,2023-05-09 00:11:31,0.90658,0.90685
475,2023-05-09 00:11:37,0.90654,0.90681
476,2023-05-09 00:11:37,0.90657,0.90684
477,2023-05-09 00:11:40,0.90658,0.90685
478,2023-05-09 00:11:44,0.90655,0.90682
479,2023-05-09 00:11:45,0.90653,0.9068
480,2023-05-09 00:11:46,0.90655,0.90682
481,2023-05-09 00:11:46,0.90656,0.90683
482,2023-05-09 00:11:51,0.90655,0.90682
483,2023-05-09 00:11:51,0.90654,0.90681
484,2023-05-09 00:11:52,0.90656,0.90683
485,2023-05-09 00:11:52,0.90655,0.90682
486,2023-05-09 00:11:59,0.90654,0.90681
487,2023-05-09 00:12:00,0.90657,0.90684
488,2023-05-09 00:12:00,0.90652,0.90679
489,2023-05-09 00:12:01,0.90653,0.9068
490,2023-05-09 00:12:02,0.90652,0.90679
491,2023-05-09 00:12:02,0.90651,0.90678
492,2023-05-09 00:12:02,0.90652,0.90679
493,2023-05-09 00:12:08,0.90655,0.90682
494,2023-05-09 00:12:21,0.90654,0.90681
495,2023-05-09 00:12:39,0.90655,0.90682
496,2023-05-09 00:12:40,0.90654,0.90681
497,2023-05-09 00:12:40,0.90655,0.90682
498,2023-05-09 00:12:44,0.90656,0.90683
499,2023-05-09 00:12:45,0.90657,0.90684
500,2023-05-09 00:12:48,0.90653,0.9068
501,2023-05-09 00:12:50,0.90652,0.90679
502,2023-05-09 00:12:55,0.90649,0.90676
503,2023-05-09 00:12:55,0.90648,0.90675
504,2023-05-09 00:12:58,0.9065,0.90677
505,2023-05-09 00:13:00,0.9065,0.90677
506,2023-05-09 00:13:00,0.90652,0.90679
507,2023-05-09 00:13:03,0.90653,0.9068
508,2023-05-09 00:13:05,0.90652,0.90679
509,2023-05-09 00:13:05,0.90651,0.90678
510,2023-05-09 00:13:08,0.9065,0.90677
511,2023-05-09 00:13:10,0.90651,0.90678
512,2023-05-09 00:13:11,0.90652,0.90679
513,2023-05-09 00:13:14,0.9065,0.90677
514,2023-05-09 00:13:24,0.90649,0.90676
515,2023-05-09 00:13:44,0.90645,0.90672
516,2023-05-09 00:13:48,0.90644,0.90671
517,2023-05-09 00:13:49,0.90646,0.90673
518,2023-05-09 00:13:49,0.90641,0.90668
519,2023-05-09 00:13:49,0.90636,0.90663
520,2023-05-09 00:13:50,0.90637,0.90664
521,2023-05-09 00:13:50,0.90639,0.90666
522,2023-05-09 00:13:50,0.90638,0.90665
523,2023-05-09 00:13:50,0.90639,0.90666
524,2023-05-09 00:13:52,0.90637,0.90664
525,2023-05-09 00:13:53,0.90636,0.90663
526,2023-05-09 00:13:53,0.90637,0.90664
527,2023-05-09 00:14:00,0.90637,0.90664
528,2023-05-09 00:14:01,0.90635,0.90662
529,2023-05-09 00:14:04,0.90636,0.90663
530,2023-05-09 00:14:08,0.90635,0.90662
531,2023-05-09 00:14:10,0.90638,0.90665
532,2023-05-09 00:14:12,0.90639,0.90666
533,2023-05-09 00:14:15,0.90641,0.90668
534,2023-05-09 00:14:18,0.90644,0.90671
535,2023-05-09 00:14:18,0.90645,0.90672
536,2023-05-09 00:14:19,0.90644,0.90671
537,2023-05-09 00:14:19,0.90646,0.90673
538,2023-05-09 00:14:20,0.90645,0.90672
539,2023-05-09 00:14:21,0.90644,0.90671
540,2023-05-09 00:14:23,0.90646,0.90673
541,2023-05-09 00:14:25,0.90648,0.90675
542,2023-05-09 00:14:25,0.90647,0.90674
543,2023-05-09 00:14:27,0.90646,0.90673
544,2023-05-09 00:14:28,0.90647,0.90674
545,2023-05-09 00:14:29,0.90648,0.90675
546,2023-05-09 00:14:29,0.90649,0.90676
547,2023-05-09 00:14:32,0.9065,0.90677
548,2023-05-09 00:14:33,0.90649,0.90676
549,2023-05-09 00:14:35,0.90646,0.90673
550,2023-05-09 00:14:36,0.90645,0.90672
551,2023-05-09 00:14:37,0.90646,0.90673
552,2023-05-09 00:14:38,0.90647,0.90674
553,2023-05-09 00:14:39,0.90646,0.90673
554,2023-05-09 00:14:41,0.90645,0.90672
555,2023-05-09 00:14:42,0.90643,0.9067
556,2023-05-09 00:14:42,0.90642,0.90669
557,2023-05-09 00:14:45,0.90641,0.90668
558,2023-05-09 00:14:46,0.9064,0.90667
559,2023-05-09 00:14:47,0.90639,0.90666
560,2023-05-09 00:14:49,0.9064,0.90667
561,2023-05-09 00:14:50,0.90641,0.90668
562,2023-05-09 00:14:51,0.90642,0.90669
563,2023-05-09 00:14:52,0.90643,0.9067
564,2023-05-09 00:14:52,0.90642,0.90669
565,2023-05-09 00:14:54,0.90643,0.9067
566,2023-05-09 00:14:54,0.90641,0.90668
567,2023-05-09 00:14:55,0.9064,0.90667
568,2023-05-09 00:14:56,0.90641,0.90668
569,2023-05-09 00:14:57,0.90646,0.90673
570,2023-05-09 00:14:57,0.90647,0.90674
571,2023-05-09 00:14:57,0.90648,0.90675
572,2023-05-09 00:14:57,0.90647,0.90674
573,2023-05-09 00:14:59,0.90649,0.90676
574,2023-05-09 00:15:00,0.90648,0.90675
575,2023-05-09 00:15:01,0.9065,0.90677
576,2023-05-09 00:15:01,0.90649,0.90676
577,2023-05-09 00:15:03,0.90652,0.90679
578,2023-05-09 00:15:03,0.90654,0.90681
579,2023-05-09 00:15:03,0.90656,0.90683
580,2023-05-09 00:15:04,0.90655,0.90682
581,2023-05-09 00:15:05,0.90656,0.90683
582,2023-05-09 00:15:06,0.90654,0.90681
583,2023-05-09 00:15:07,0.90657,0.90684
584,2023-05-09 00:15:09,0.90656,0.90683
585,2023-05-09 00:15:20,0.90651,0.90678
586,2023-05-09 00:15:24,0.90652,0.90679
587,2023-05-09 00:15:26,0.90651,0.90678
588,2023-05-09 00:15:29,0.90654,0.90681
589,2023-05-09 00:15:33,0.90652,0.90679
590,2023-05-09 00:15:34,0.90653,0.9068
591,2023-05-09 00:15:34,0.90652,0.90679
592,2023-05-09 00:15:35,0.90653,0.9068
593,2023-05-09 00:15:35,0.90652,0.90679
594,2023-05-09 00:15:39,0.90653,0.9068
595,2023-05-09 00:15:42,0.90652,0.90679
596,2023-05-09 00:15:42,0.90651,0.90678
597,2023-05-09 00:15:44,0.90652,0.90679
598,2023-05-09 00:15:49,0.90654,0.90681
599,2023-05-09 00:15:50,0.90655,0.90682
600,2023-05-09 00:15:51,0.90654,0.90681
601,2023-05-09 00:15:53,0.90652,0.90679
602,2023-05-09 00:15:55,0.90653,0.9068
603,2023-05-09 00:15:56,0.90652,0.90679
604,2023-05-09 00:15:57,0.90653,0.9068
605,2023-05-09 00:15:57,0.90655,0.90682
606,2023-05-09 00:16:00,0.90656,0.90683
607,2023-05-09 00:16:03,0.90655,0.90682
608,2023-05-09 00:16:13,0.90656,0.90683
609,2023-05-09 00:16:15,0.90657,0.90684
610,2023-05-09 00:16:16,0.90656,0.90683
611,2023-05-09 00:16:21,0.90659,0.90686
612,2023-05-09 00:16:21,0.90657,0.90684
613,2023-05-09 00:16:25,0.90654,0.90681
614,2023-05-09 00:16:28,0.90655,0.90682
615,2023-05-09 00:16:33,0.90654,0.90681
616,2023-05-09 00:16:34,0.9065,0.90677
617,2023-05-09 00:16:34,0.90649,0.90676
618,2023-05-09 00:16:49,0.90651,0.90678
619,2023-05-09 00:16:50,0.90649,0.90676
620,2023-05-09 00:16:55,0.90651,0.90678
621,2023-05-09 00:16:56,0.9065,0.90677
622,2023-05-09 00:16:56,0.90649,0.90676
623,2023-05-09 00:16:57,0.9065,0.90677
624,2023-05-09 00:16:57,0.90652,0.90679
625,2023-05-09 00:17:00,0.9065,0.90677
626,2023-05-09 00:17:01,0.90654,0.90681
627,2023-05-09 00:17:02,0.90653,0.9068
628,2023-05-09 00:17:02,0.90654,0.90681
629,2023-05-09 00:17:03,0.90652,0.90679
630,2023-05-09 00:17:07,0.9065,0.90677
631,2023-05-09 00:17:08,0.90651,0.90678
632,2023-05-09 00:17:09,0.90652,0.90679
633,2023-05-09 00:17:11,0.90653,0.9068
634,2023-05-09 00:17:11,0.90655,0.90682
635,2023-05-09 00:17:12,0.90658,0.90685
636,2023-05-09 00:17:12,0.90659,0.90686
637,2023-05-09 00:17:13,0.9066,0.90687
638,2023-05-09 00:17:16,0.90661,0.90688
639,2023-05-09 00:17:16,0.90659,0.90686
640,2023-05-09 00:17:17,0.90657,0.90684
641,2023-05-09 00:17:18,0.90658,0.90685
642,2023-05-09 00:17:18,0.90659,0.90686
643,2023-05-09 00:17:19,0.9066,0.90687
644,2023-05-09 00:17:21,0.90658,0.90685
645,2023-05-09 00:17:22,0.90657,0.90684
646,2023-05-09 00:17:26,0.90658,0.90685
647,2023-05-09 00:17:27,0.90657,0.90684
648,2023-05-09 00:17:27,0.90655,0.90682
649,2023-05-09 00:17:28,0.90656,0.90683
650,2023-05-09 00:17:30,0.90658,0.90685
651,2023-05-09 00:17:37,0.90656,0.90683
652,2023-05-09 00:17:37,0.90657,0.90684
653,2023-05-09 00:17:40,0.90656,0.90683
654,2023-05-09 00:17:43,0.90654,0.90681
655,2023-05-09 00:17:43,0.90655,0.90682
656,2023-05-09 00:17:44,0.90656,0.90683
657,2023-05-09 00:17:47,0.90657,0.90684
658,2023-05-09 00:17:50,0.90656,0.90683
659,2023-05-09 00:17:56,0.90652,0.90679
660,2023-05-09 00:17:56,0.90653,0.9068
661,2023-05-09 00:18:00,0.90652,0.90679
662,2023-05-09 00:18:01,0.90654,0.90681
663,2023-05-09 00:18:03,0.90655,0.90682
664,2023-05-09 00:18:04,0.90657,0.90684
665,2023-05-09 00:18:04,0.90656,0.90683
666,2023-05-09 00:18:04,0.90657,0.90684
667,2023-05-09 00:18:06,0.90658,0.90685
668,2023-05-09 00:18:07,0.90657,0.90684
669,2023-05-09 00:18:07,0.90658,0.90685
670,2023-05-09 00:18:15,0.90659,0.90686
671,2023-05-09 00:18:18,0.90658,0.90685
672,2023-05-09 00:18:29,0.90659,0.90686
673,2023-05-09 00:18:46,0.90656,0.90683
674,2023-05-09 00:18:51,0.90658,0.90685
675,2023-05-09 00:18:57,0.90652,0.90679
676,2023-05-09 00:18:59,0.90654,0.90681
677,2023-05-09 00:19:00,0.90654,0.90681
678,2023-05-09 00:19:01,0.90653,0.9068
679,2023-05-09 00:19:01,0.90652,0.90679
680,2023-05-09 00:19:03,0.90653,0.9068
681,2023-05-09 00:19:05,0.90652,0.90679
682,2023-05-09 00:19:10,0.90654,0.90681
683,2023-05-09 00:19:14,0.90655,0.90682
684,2023-05-09 00:19:18,0.90654,0.90681
685,2023-05-09 00:19:19,0.90652,0.90679
686,2023-05-09 00:19:23,0.90654,0.90681
687,2023-05-09 00:19:27,0.90653,0.9068
688,2023-05-09 00:19:30,0.90655,0.90682
689,2023-05-09 00:19:31,0.90653,0.9068
690,2023-05-09 00:19:31,0.90651,0.90678
691,2023-05-09 00:19:36,0.9065,0.90677
692,2023-05-09 00:19:40,0.90657,0.90684
693,2023-05-09 00:19:44,0.90656,0.90683
694,2023-05-09 00:19:50,0.90655,0.90682
695,2023-05-09 00:19:52,0.90654,0.90681
696,2023-05-09 00:19:58,0.9066,0.90687
697,2023-05-09 00:19:59,0.90661,0.90688
698,2023-05-09 00:20:00,0.90661,0.90688
699,2023-05-09 00:20:00,0.9066,0.90687
700,2023-05-09 00:20:02,0.90661,0.90688
701,2023-05-09 00:20:04,0.90659,0.90686
702,2023-05-09 00:20:06,0.9066,0.90687
703,2023-05-09 00:20:07,0.90661,0.90688
704,2023-05-09 00:20:16,0.90662,0.90689
705,2023-05-09 00:20:16,0.9066,0.90687
706,2023-05-09 00:20:20,0.90661,0.90688
707,2023-05-09 00:20:21,0.9066,0.90687
708,2023-05-09 00:20:21,0.90658,0.90685
709,2023-05-09 00:20:21,0.90661,0.90688
710,2023-05-09 00:20:22,0.90663,0.9069
711,2023-05-09 00:20:23,0.90662,0.90689
712,2023-05-09 00:20:25,0.9066,0.90687
713,2023-05-09 00:20:28,0.90661,0.90688
714,2023-05-09 00:20:30,0.9066,0.90687
715,2023-05-09 00:20:30,0.90659,0.90686
716,2023-05-09 00:20:33,0.9066,0.90687
717,2023-05-09 00:20:35,0.90659,0.90686
718,2023-05-09 00:20:36,0.9066,0.90687
719,2023-05-09 00:20:37,0.90659,0.90686
720,2023-05-09 00:20:37,0.9066,0.90687
721,2023-05-09 00:20:37,0.90662,0.90689
722,2023-05-09 00:20:48,0.90661,0.90688
723,2023-05-09 00:20:48,0.90662,0.90689
724,2023-05-09 00:20:48,0.90661,0.90688
725,2023-05-09 00:20:55,0.90662,0.90689
726,2023-05-09 00:20:58,0.90663,0.9069
727,2023-05-09 00:21:00,0.90663,0.9069
728,2023-05-09 00:21:00,0.90667,0.90694
729,2023-05-09 00:21:00,0.90668,0.90695
730,2023-05-09 00:21:01,0.9067,0.90697
731,2023-05-09 00:21:05,0.90669,0.90696
732,2023-05-09 00:21:07,0.90667,0.90694
733,2023-05-09 00:21:07,0.90665,0.90692
734,2023-05-09 00:21:07,0.90666,0.90693
735,2023-05-09 00:21:09,0.90668,0.90695
736,2023-05-09 00:21:09,0.90667,0.90694
737,2023-05-09 00:21:11,0.90668,0.90695
738,2023-05-09 00:21:16,0.90664,0.90691
739,2023-05-09 00:21:16,0.90665,0.90692
740,2023-05-09 00:21:22,0.90666,0.90693
741,2023-05-09 00:21:23,0.90667,0.90694
742,2023-05-09 00:21:24,0.90664,0.90691
743,2023-05-09 00:21:35,0.90663,0.9069
744,2023-05-09 00:21:36,0.90662,0.90689
745,2023-05-09 00:21:39,0.90661,0.90688
746,2023-05-09 00:21:40,0.90659,0.90686
747,2023-05-09 00:21:43,0.90661,0.90688
748,2023-05-09 00:21:44,0.90658,0.90685
749,2023-05-09 00:21:46,0.90659,0.90686
750,2023-05-09 00:21:49,0.90658,0.90685
751,2023-05-09 00:21:49,0.9066,0.90687
752,2023-05-09 00:22:00,0.90659,0.90686
753,2023-05-09 00:22:02,0.90658,0.90685
754,2023-05-09 00:22:02,0.90657,0.90684
755,2023-05-09 00:22:02,0.90658,0.90685
756,2023-05-09 00:22:03,0.90655,0.90682
757,2023-05-09 00:22:12,0.90652,0.90679
758,2023-05-09 00:22:16,0.90656,0.90683
759,2023-05-09 00:22:20,0.90657,0.90684
760,2023-05-09 00:22:20,0.90659,0.90686
761,2023-05-09 00:22:21,0.90658,0.90685
762,2023-05-09 00:22:26,0.90659,0.90686
763,2023-05-09 00:22:27,0.9066,0.90687
764,2023-05-09 00:22:28,0.90662,0.90689
765,2023-05-09 00:22:31,0.90656,0.90683
766,2023-05-09 00:22:31,0.90655,0.90682
767,2023-05-09 00:22:37,0.90654,0.90681
768,2023-05-09 00:22:37,0.9065,0.90677
769,2023-05-09 00:22:38,0.90652,0.90679
770,2023-05-09 00:22:41,0.90654,0.90681
771,2023-05-09 00:22:41,0.90653,0.9068
772,2023-05-09 00:22:45,0.90654,0.90681
773,2023-05-09 00:22:46,0.90653,0.9068
774,2023-05-09 00:22:47,0.90651,0.90678
775,2023-05-09 00:22:47,0.90647,0.90674
776,2023-05-09 00:22:48,0.90649,0.90676
777,2023-05-09 00:22:49,0.9065,0.90677
778,2023-05-09 00:22:50,0.90649,0.90676
779,2023-05-09 00:22:54,0.9065,0.90677
780,2023-05-09 00:22:57,0.90649,0.90676
781,2023-05-09 00:22:57,0.9065,0.90677
782,2023-05-09 00:22:58,0.90648,0.90675
783,2023-05-09 00:22:58,0.90649,0.90676
784,2023-05-09 00:22:58,0.9065,0.90677
785,2023-05-09 00:23:00,0.90648,0.90675
786,2023-05-09 00:23:11,0.9065,0.90677
787,2023-05-09 00:23:11,0.90652,0.90679
788,2023-05-09 00:23:13,0.90653,0.9068
789,2023-05-09 00:23:13,0.90656,0.90683
790,2023-05-09 00:23:13,0.90654,0.90681
791,2023-05-09 00:23:13,0.90653,0.9068
792,2023-05-09 00:23:15,0.90654,0.90681
793,2023-05-09 00:23:15,0.90653,0.9068
794,2023-05-09 00:23:15,0.90654,0.90681
795,2023-05-09 00:23:17,0.90653,0.9068
796,2023-05-09 00:23:17,0.90654,0.90681
797,2023-05-09 00:23:29,0.90648,0.90675
798,2023-05-09 00:23:30,0.90647,0.90674
799,2023-05-09 00:23:33,0.90649,0.90676
800,2023-05-09 00:23:33,0.90648,0.90675
801,2023-05-09 00:23:34,0.90647,0.90674
802,2023-05-09 00:23:36,0.90648,0.90675
803,2023-05-09 00:23:37,0.90649,0.90676
804,2023-05-09 00:23:37,0.90648,0.90675
805,2023-05-09 00:23:41,0.90649,0.90676
806,2023-05-09 00:23:42,0.90648,0.90675
807,2023-05-09 00:23:50,0.9065,0.90677
808,2023-05-09 00:23:55,0.90651,0.90678
809,2023-05-09 00:23:56,0.9065,0.90677
810,2023-05-09 00:23:57,0.90651,0.90678
811,2023-05-09 00:23:59,0.9065,0.90677
812,2023-05-09 00:24:00,0.9065,0.90677
813,2023-05-09 00:24:00,0.90651,0.90678
814,2023-05-09 00:24:02,0.9065,0.90677
815,2023-05-09 00:24:06,0.90646,0.90673
816,2023-05-09 00:24:08,0.90647,0.90674
817,2023-05-09 00:24:17,0.90649,0.90676
818,2023-05-09 00:24:18,0.90647,0.90674
819,2023-05-09 00:24:18,0.90646,0.90673
820,2023-05-09 00:24:23,0.90645,0.90672
821,2023-05-09 00:24:31,0.90649,0.90676
822,2023-05-09 00:24:31,0.9065,0.90677
823,2023-05-09 00:24:32,0.90649,0.90676
824,2023-05-09 00:24:32,0.90647,0.90674
825,2023-05-09 00:24:32,0.90646,0.90673
826,2023-05-09 00:24:43,0.90647,0.90674
827,2023-05-09 00:24:49,0.90646,0.90673
828,2023-05-09 00:24:50,0.90647,0.90674
829,2023-05-09 00:24:59,0.90649,0.90676
830,2023-05-09 00:25:00,0.90649,0.90676
831,2023-05-09 00:25:01,0.90646,0.90673
832,2023-05-09 00:25:06,0.90645,0.90672
833,2023-05-09 00:25:07,0.90646,0.90673
834,2023-05-09 00:25:09,0.90643,0.9067
835,2023-05-09 00:25:14,0.90642,0.90669
836,2023-05-09 00:25:16,0.9064,0.90667
837,2023-05-09 00:25:21,0.90639,0.90666
838,2023-05-09 00:25:23,0.90642,0.90669
839,2023-05-09 00:25:23,0.90643,0.9067
840,2023-05-09 00:25:26,0.90641,0.90668
841,2023-05-09 00:25:27,0.90639,0.90666
842,2023-05-09 00:25:38,0.9064,0.90667
843,2023-05-09 00:25:48,0.90642,0.90669
844,2023-05-09 00:25:48,0.90644,0.90671
845,2023-05-09 00:25:48,0.90643,0.9067
846,2023-05-09 00:25:51,0.90644,0.90671
847,2023-05-09 00:25:53,0.90648,0.90675
848,2023-05-09 00:25:53,0.90647,0.90674
849,2023-05-09 00:25:56,0.90645,0.90672
850,2023-05-09 00:26:00,0.90645,0.90672
851,2023-05-09 00:26:00,0.90646,0.90673
852,2023-05-09 00:26:07,0.90647,0.90674
853,2023-05-09 00:26:09,0.90648,0.90675
854,2023-05-09 00:26:09,0.90646,0.90673
855,2023-05-09 00:26:10,0.90645,0.90672
856,2023-05-09 00:26:12,0.90646,0.90673
857,2023-05-09 00:26:13,0.90649,0.90676
858,2023-05-09 00:26:14,0.9065,0.90677
859,2023-05-09 00:26:14,0.90648,0.90675
860,2023-05-09 00:26:14,0.90646,0.90673
861,2023-05-09 00:26:15,0.90647,0.90674
862,2023-05-09 00:26:15,0.90646,0.90673
863,2023-05-09 00:26:20,0.90647,0.90674
864,2023-05-09 00:26:30,0.90642,0.90669
865,2023-05-09 00:26:37,0.90644,0.90671
866,2023-05-09 00:26:37,0.90645,0.90672
867,2023-05-09 00:26:38,0.90646,0.90673
868,2023-05-09 00:26:38,0.90643,0.9067
869,2023-05-09 00:26:39,0.90642,0.90669
870,2023-05-09 00:26:40,0.90641,0.90668
871,2023-05-09 00:26:41,0.90642,0.90669
872,2023-05-09 00:26:47,0.90645,0.90672
873,2023-05-09 00:26:47,0.90642,0.90669
874,2023-05-09 00:26:49,0.90641,0.90668
875,2023-05-09 00:26:53,0.90643,0.9067
876,2023-05-09 00:26:54,0.90641,0.90668
877,2023-05-09 00:26:54,0.90642,0.90669
878,2023-05-09 00:26:56,0.90643,0.9067
879,2023-05-09 00:26:56,0.90645,0.90672
880,2023-05-09 00:26:56,0.90643,0.9067
881,2023-05-09 00:26:57,0.90642,0.90669
882,2023-05-09 00:26:57,0.90641,0.90668
883,2023-05-09 00:27:00,0.90642,0.90669
884,2023-05-09 00:27:00,0.90641,0.90668
885,2023-05-09 00:27:03,0.90642,0.90669
886,2023-05-09 00:27:03,0.90644,0.90671
887,2023-05-09 00:27:04,0.90642,0.90669
888,2023-05-09 00:27:06,0.90641,0.90668
889,2023-05-09 00:27:08,0.90643,0.9067
890,2023-05-09 00:27:09,0.90642,0.90669
891,2023-05-09 00:27:10,0.90641,0.90668
892,2023-05-09 00:27:16,0.9064,0.90667
893,2023-05-09 00:27:19,0.90641,0.90668
894,2023-05-09 00:27:31,0.90645,0.90672
895,2023-05-09 00:27:32,0.90642,0.90669
896,2023-05-09 00:27:33,0.90643,0.9067
897,2023-05-09 00:27:38,0.90644,0.90671
898,2023-05-09 00:27:39,0.90643,0.9067
899,2023-05-09 00:27:41,0.90644,0.90671
900,2023-05-09 00:27:42,0.90643,0.9067
901,2023-05-09 00:27:42,0.90645,0.90672
902,2023-05-09 00:27:42,0.90644,0.90671
903,2023-05-09 00:27:44,0.90646,0.90673
904,2023-05-09 00:27:47,0.90645,0.90672
905,2023-05-09 00:27:57,0.90647,0.90674
906,2023-05-09 00:28:00,0.90647,0.90674
907,2023-05-09 00:28:07,0.90646,0.90673
908,2023-05-09 00:28:08,0.90647,0.90674
909,2023-05-09 00:28:33,0.90646,0.90673
910,2023-05-09 00:28:43,0.90647,0.90674
911,2023-05-09 00:28:46,0.90645,0.90672
912,2023-05-09 00:29:00,0.90645,0.90672
913,2023-05-09 00:29:00,0.90644,0.90671
914,2023-05-09 00:29:03,0.90642,0.90669
915,2023-05-09 00:29:04,0.90643,0.9067
916,2023-05-09 00:29:06,0.90642,0.90669
917,2023-05-09 00:29:08,0.90645,0.90672
918,2023-05-09 00:29:18,0.90643,0.9067
919,2023-05-09 00:29:20,0.90645,0.90672
920,2023-05-09 00:29:20,0.90644,0.90671
921,2023-05-09 00:29:38,0.90642,0.90669
922,2023-05-09 00:29:43,0.90643,0.9067
923,2023-05-09 00:29:52,0.90644,0.90671
924,2023-05-09 00:29:59,0.90645,0.90672
925,2023-05-09 00:30:00,0.90645,0.90672
926,2023-05-09 00:30:00,0.90644,0.90671
927,2023-05-09 00:30:01,0.90648,0.90675
928,2023-05-09 00:30:01,0.90649,0.90676
929,2023-05-09 00:30:11,0.90648,0.90675
930,2023-05-09 00:30:12,0.90649,0.90676
931,2023-05-09 00:30:13,0.90648,0.90675
932,2023-05-09 00:30:13,0.90647,0.90674
933,2023-05-09 00:30:14,0.90648,0.90675
934,2023-05-09 00:30:19,0.90647,0.90674
935,2023-05-09 00:30:19,0.90646,0.90673
936,2023-05-09 00:30:25,0.90645,0.90672
937,2023-05-09 00:30:26,0.90643,0.9067
938,2023-05-09 00:30:26,0.90641,0.90668
939,2023-05-09 00:30:26,0.90643,0.9067
940,2023-05-09 00:30:31,0.90642,0.90669
941,2023-05-09 00:30:45,0.90641,0.90668
942,2023-05-09 00:30:46,0.9064,0.90667
943,2023-05-09 00:30:54,0.90639,0.90666
944,2023-05-09 00:30:55,0.9064,0.90667
945,2023-05-09 00:31:00,0.9064,0.90667
946,2023-05-09 00:31:01,0.90639,0.90666
947,2023-05-09 00:31:03,0.90637,0.90664
948,2023-05-09 00:31:03,0.90639,0.90666
949,2023-05-09 00:31:04,0.90638,0.90665
950,2023-05-09 00:31:05,0.90637,0.90664
951,2023-05-09 00:31:10,0.90636,0.90663
952,2023-05-09 00:31:15,0.90635,0.90662
953,2023-05-09 00:31:15,0.90637,0.90664
954,2023-05-09 00:31:16,0.90634,0.90661
955,2023-05-09 00:31:16,0.90632,0.90659
956,2023-05-09 00:31:22,0.90633,0.9066
957,2023-05-09 00:31:24,0.90634,0.90661
958,2023-05-09 00:31:42,0.90635,0.90662
959,2023-05-09 00:31:43,0.90637,0.90664
960,2023-05-09 00:31:43,0.90635,0.90662
961,2023-05-09 00:31:46,0.90637,0.90664
962,2023-05-09 00:31:50,0.90635,0.90662
963,2023-05-09 00:31:51,0.90637,0.90664
964,2023-05-09 00:31:51,0.90638,0.90665
965,2023-05-09 00:31:52,0.90637,0.90664
966,2023-05-09 00:31:54,0.90636,0.90663
967,2023-05-09 00:32:00,0.90636,0.90663
968,2023-05-09 00:32:00,0.90634,0.90661
969,2023-05-09 00:32:03,0.90632,0.90659
970,2023-05-09 00:32:04,0.9063,0.90657
971,2023-05-09 00:32:07,0.90628,0.90655
972,2023-05-09 00:32:19,0.9063,0.90657
973,2023-05-09 00:32:20,0.90631,0.90658
974,2023-05-09 00:32:25,0.90627,0.90654
975,2023-05-09 00:32:25,0.90625,0.90652
976,2023-05-09 00:32:25,0.90627,0.90654
977,2023-05-09 00:32:34,0.90628,0.90655
978,2023-05-09 00:32:34,0.90631,0.90658
979,2023-05-09 00:32:35,0.9063,0.90657
980,2023-05-09 00:32:41,0.90628,0.90655
981,2023-05-09 00:32:50,0.90625,0.90652
982,2023-05-09 00:32:51,0.90626,0.90653
983,2023-05-09 00:33:00,0.90626,0.90653
984,2023-05-09 00:33:01,0.90622,0.90649
985,2023-05-09 00:33:01,0.90621,0.90648
986,2023-05-09 00:33:01,0.90618,0.90645
987,2023-05-09 00:33:02,0.90623,0.9065
988,2023-05-09 00:33:02,0.90621,0.90648
989,2023-05-09 00:33:09,0.90622,0.90649
990,2023-05-09 00:33:10,0.90623,0.9065
991,2023-05-09 00:33:11,0.90622,0.90649
992,2023-05-09 00:33:12,0.90624,0.90651
993,2023-05-09 00:33:16,0.90619,0.90646
994,2023-05-09 00:33:17,0.9062,0.90647
995,2023-05-09 00:33:26,0.90618,0.90645
996,2023-05-09 00:33:26,0.90619,0.90646
997,2023-05-09 00:33:30,0.90618,0.90645
998,2023-05-09 00:33:36,0.90621,0.90648
999,2023-05-09 00:33:36,0.90622,0.90649
1000,2023-05-09 00:33:38,0.90617,0.90644
1001,2023-05-09 00:33:39,0.90615,0.90642
1002,2023-05-09 00:33:39,0.90614,0.90641
1003,2023-05-09 00:33:40,0.90619,0.90646
1004,2023-05-09 00:33:42,0.90618,0.90645
1005,2023-05-09 00:33:44,0.90621,0.90648
1006,2023-05-09 00:33:46,0.90618,0.90645
1007,2023-05-09 00:33:47,0.90617,0.90644
1008,2023-05-09 00:33:47,0.90614,0.90641
1009,2023-05-09 00:33:50,0.90617,0.90644
1010,2023-05-09 00:34:00,0.90617,0.90644
1011,2023-05-09 00:34:01,0.90618,0.90645
1012,2023-05-09 00:34:06,0.90615,0.90642
1013,2023-05-09 00:34:06,0.90616,0.90643
1014,2023-05-09 00:34:07,0.90617,0.90644
1015,2023-05-09 00:34:16,0.90621,0.90648
1016,2023-05-09 00:34:16,0.90623,0.9065
1017,2023-05-09 00:34:18,0.90622,0.90649
1018,2023-05-09 00:34:23,0.90625,0.90652
1019,2023-05-09 00:34:23,0.90627,0.90654
1020,2023-05-09 00:34:24,0.90623,0.9065
1021,2023-05-09 00:34:28,0.90627,0.90654
1022,2023-05-09 00:34:30,0.90624,0.90651
1023,2023-05-09 00:34:32,0.90623,0.9065
1024,2023-05-09 00:34:58,0.90624,0.90651
1025,2023-05-09 00:34:58,0.90623,0.9065
1026,2023-05-09 00:35:00,0.90622,0.90649
1027,2023-05-09 00:35:05,0.90623,0.9065
1028,2023-05-09 00:35:05,0.90626,0.90653
1029,2023-05-09 00:35:06,0.90625,0.90652
1030,2023-05-09 00:35:08,0.90628,0.90655
1031,2023-05-09 00:35:29,0.90627,0.90654
1032,2023-05-09 00:35:34,0.90628,0.90655
1033,2023-05-09 00:35:34,0.90627,0.90654
1034,2023-05-09 00:35:35,0.90628,0.90655
1035,2023-05-09 00:35:37,0.90629,0.90656
1036,2023-05-09 00:35:37,0.9063,0.90657
1037,2023-05-09 00:35:37,0.90629,0.90656
1038,2023-05-09 00:35:52,0.9063,0.90657
1039,2023-05-09 00:35:52,0.90631,0.90658
1040,2023-05-09 00:35:54,0.9063,0.90657
1041,2023-05-09 00:35:57,0.90631,0.90658
1042,2023-05-09 00:35:57,0.90627,0.90654
1043,2023-05-09 00:36:00,0.90627,0.90654
1044,2023-05-09 00:36:01,0.90626,0.90653
1045,2023-05-09 00:36:06,0.90625,0.90652
1046,2023-05-09 00:36:06,0.90626,0.90653
1047,2023-05-09 00:36:11,0.90625,0.90652
1048,2023-05-09 00:36:12,0.90626,0.90653
1049,2023-05-09 00:36:15,0.90625,0.90652
1050,2023-05-09 00:36:18,0.90626,0.90653
1051,2023-05-09 00:36:22,0.90625,0.90652
1052,2023-05-09 00:36:24,0.90626,0.90653
1053,2023-05-09 00:36:29,0.90624,0.90651
1054,2023-05-09 00:36:30,0.9062,0.90647
1055,2023-05-09 00:36:30,0.90622,0.90649
1056,2023-05-09 00:36:38,0.90623,0.9065
1057,2023-05-09 00:36:40,0.90622,0.90649
1058,2023-05-09 00:36:41,0.90621,0.90648
1059,2023-05-09 00:36:42,0.9062,0.90647
1060,2023-05-09 00:36:47,0.90621,0.90648
1061,2023-05-09 00:36:55,0.90622,0.90649
1062,2023-05-09 00:36:58,0.90623,0.9065
1063,2023-05-09 00:37:02,0.90623,0.9065
1064,2023-05-09 00:37:04,0.90622,0.90649
1065,2023-05-09 00:37:04,0.90621,0.90648
1066,2023-05-09 00:37:05,0.90622,0.90649
1067,2023-05-09 00:37:05,0.90624,0.90651
1068,2023-05-09 00:37:08,0.90626,0.90653
1069,2023-05-09 00:37:08,0.90624,0.90651
1070,2023-05-09 00:37:11,0.90625,0.90652
1071,2023-05-09 00:37:17,0.90624,0.90651
1072,2023-05-09 00:37:19,0.90625,0.90652
1073,2023-05-09 00:37:21,0.90624,0.90651
1074,2023-05-09 00:37:23,0.90625,0.90652
1075,2023-05-09 00:37:28,0.90623,0.9065
1076,2023-05-09 00:37:28,0.90621,0.90648
1077,2023-05-09 00:37:28,0.90622,0.90649
1078,2023-05-09 00:37:30,0.90621,0.90648
1079,2023-05-09 00:37:32,0.90622,0.90649
1080,2023-05-09 00:37:32,0.90621,0.90648
1081,2023-05-09 00:37:32,0.9062,0.90647
1082,2023-05-09 00:37:33,0.90621,0.90648
1083,2023-05-09 00:37:33,0.9062,0.90647
1084,2023-05-09 00:37:39,0.90619,0.90646
1085,2023-05-09 00:37:41,0.90618,0.90645
1086,2023-05-09 00:37:42,0.90619,0.90646
1087,2023-05-09 00:37:42,0.9062,0.90647
1088,2023-05-09 00:37:45,0.90619,0.90646
1089,2023-05-09 00:37:47,0.90616,0.90643
1090,2023-05-09 00:37:48,0.90613,0.9064
1091,2023-05-09 00:37:48,0.90614,0.90641
1092,2023-05-09 00:37:49,0.90615,0.90642
1093,2023-05-09 00:37:49,0.90614,0.90641
1094,2023-05-09 00:37:51,0.90615,0.90642
1095,2023-05-09 00:37:52,0.90614,0.90641
1096,2023-05-09 00:37:56,0.90615,0.90642
1097,2023-05-09 00:37:59,0.90618,0.90645
1098,2023-05-09 00:37:59,0.90619,0.90646
1099,2023-05-09 00:38:00,0.90619,0.90646
1100,2023-05-09 00:38:00,0.90618,0.90645
1101,2023-05-09 00:38:01,0.90619,0.90646
1102,2023-05-09 00:38:01,0.90618,0.90645
1103,2023-05-09 00:38:01,0.90616,0.90643
1104,2023-05-09 00:38:02,0.90615,0.90642
1105,2023-05-09 00:38:03,0.90616,0.90643
1106,2023-05-09 00:38:03,0.90615,0.90642
1107,2023-05-09 00:38:04,0.90614,0.90641
1108,2023-05-09 00:38:06,0.90615,0.90642
1109,2023-05-09 00:38:08,0.90614,0.90641
1110,2023-05-09 00:38:09,0.90615,0.90642
1111,2023-05-09 00:38:12,0.90617,0.90644
1112,2023-05-09 00:38:13,0.90615,0.90642
1113,2023-05-09 00:38:14,0.90619,0.90646
1114,2023-05-09 00:38:14,0.9062,0.90647
1115,2023-05-09 00:38:15,0.90622,0.90649
1116,2023-05-09 00:38:16,0.90623,0.9065
1117,2023-05-09 00:38:16,0.90621,0.90648
1118,2023-05-09 00:38:18,0.90618,0.90645
1119,2023-05-09 00:38:19,0.90621,0.90648
1120,2023-05-09 00:38:21,0.90622,0.90649
1121,2023-05-09 00:38:25,0.90623,0.9065
1122,2023-05-09 00:38:27,0.90622,0.90649
1123,2023-05-09 00:38:27,0.90621,0.90648
1124,2023-05-09 00:38:28,0.90622,0.90649
1125,2023-05-09 00:38:28,0.90621,0.90648
1126,2023-05-09 00:38:30,0.9062,0.90647
1127,2023-05-09 00:38:33,0.90621,0.90648
1128,2023-05-09 00:38:36,0.90622,0.90649
1129,2023-05-09 00:38:36,0.90621,0.90648
1130,2023-05-09 00:38:39,0.90622,0.90649
1131,2023-05-09 00:38:43,0.90621,0.90648
1132,2023-05-09 00:38:50,0.90622,0.90649
1133,2023-05-09 00:38:51,0.90623,0.9065
1134,2023-05-09 00:38:52,0.9062,0.90647
1135,2023-05-09 00:38:54,0.90622,0.90649
1136,2023-05-09 00:38:55,0.90619,0.90646
1137,2023-05-09 00:38:55,0.9062,0.90647
1138,2023-05-09 00:38:55,0.90619,0.90646
1139,2023-05-09 00:38:58,0.90621,0.90648
1140,2023-05-09 00:38:59,0.90622,0.90649
1141,2023-05-09 00:38:59,0.90621,0.90648
1142,2023-05-09 00:39:00,0.90621,0.90648
1143,2023-05-09 00:39:01,0.9062,0.90647
1144,2023-05-09 00:39:04,0.90618,0.90645
1145,2023-05-09 00:39:05,0.90619,0.90646
1146,2023-05-09 00:39:06,0.90618,0.90645
1147,2023-05-09 00:39:06,0.90619,0.90646
1148,2023-05-09 00:39:07,0.90617,0.90644
1149,2023-05-09 00:39:07,0.90619,0.90646
1150,2023-05-09 00:39:13,0.90618,0.90645
1151,2023-05-09 00:39:14,0.90619,0.90646
1152,2023-05-09 00:39:15,0.90618,0.90645
1153,2023-05-09 00:39:24,0.90619,0.90646
1154,2023-05-09 00:39:24,0.90618,0.90645
1155,2023-05-09 00:39:25,0.90619,0.90646
1156,2023-05-09 00:39:25,0.90622,0.90649
1157,2023-05-09 00:39:26,0.90623,0.9065
1158,2023-05-09 00:39:26,0.90624,0.90651
1159,2023-05-09 00:39:26,0.90623,0.9065
1160,2023-05-09 00:39:27,0.90622,0.90649
1161,2023-05-09 00:39:30,0.90617,0.90644
1162,2023-05-09 00:39:40,0.90618,0.90645
1163,2023-05-09 00:39:40,0.90617,0.90644
1164,2023-05-09 00:39:43,0.90616,0.90643
1165,2023-05-09 00:39:48,0.90617,0.90644
1166,2023-05-09 00:39:50,0.90616,0.90643
1167,2023-05-09 00:39:52,0.90617,0.90644
1168,2023-05-09 00:39:55,0.90618,0.90645
1169,2023-05-09 00:39:55,0.90617,0.90644
1170,2023-05-09 00:39:56,0.90616,0.90643
1171,2023-05-09 00:40:00,0.90616,0.90643
1172,2023-05-09 00:40:02,0.90617,0.90644
1173,2023-05-09 00:40:02,0.90616,0.90643
1174,2023-05-09 00:40:03,0.90613,0.9064
1175,2023-05-09 00:40:03,0.90614,0.90641
1176,2023-05-09 00:40:03,0.90612,0.90639
1177,2023-05-09 00:40:04,0.90611,0.90638
1178,2023-05-09 00:40:04,0.90612,0.90639
1179,2023-05-09 00:40:05,0.90611,0.90638
1180,2023-05-09 00:40:08,0.90616,0.90643
1181,2023-05-09 00:40:08,0.90617,0.90644
1182,2023-05-09 00:40:09,0.90616,0.90643
1183,2023-05-09 00:40:10,0.90614,0.90641
1184,2023-05-09 00:40:10,0.90611,0.90638
1185,2023-05-09 00:40:11,0.9061,0.90637
1186,2023-05-09 00:40:11,0.90611,0.90638
1187,2023-05-09 00:40:11,0.90612,0.90639
1188,2023-05-09 00:40:13,0.90613,0.9064
1189,2023-05-09 00:40:13,0.90614,0.90641
1190,2023-05-09 00:40:16,0.90616,0.90643
1191,2023-05-09 00:40:16,0.90615,0.90642
1192,2023-05-09 00:40:30,0.90616,0.90643
1193,2023-05-09 00:40:32,0.90617,0.90644
1194,2023-05-09 00:40:33,0.90616,0.90643
1195,2023-05-09 00:40:34,0.90615,0.90642
1196,2023-05-09 00:40:35,0.90616,0.90643
1197,2023-05-09 00:40:37,0.90618,0.90645
1198,2023-05-09 00:40:38,0.90621,0.90648
1199,2023-05-09 00:40:39,0.9062,0.90647
1200,2023-05-09 00:40:39,0.90621,0.90648
1201,2023-05-09 00:40:43,0.90622,0.90649
1202,2023-05-09 00:40:43,0.90621,0.90648
1203,2023-05-09 00:40:44,0.90622,0.90649
1204,2023-05-09 00:40:44,0.90621,0.90648
1205,2023-05-09 00:40:45,0.90622,0.90649
1206,2023-05-09 00:40:45,0.9062,0.90647
1207,2023-05-09 00:40:50,0.90619,0.90646
1208,2023-05-09 00:40:50,0.9062,0.90647
1209,2023-05-09 00:40:52,0.90618,0.90645
1210,2023-05-09 00:40:53,0.90619,0.90646
1211,2023-05-09 00:40:55,0.9062,0.90647
1212,2023-05-09 00:40:55,0.90621,0.90648
1213,2023-05-09 00:40:56,0.9062,0.90647
1214,2023-05-09 00:40:56,0.90621,0.90648
1215,2023-05-09 00:40:57,0.9062,0.90647
1216,2023-05-09 00:41:00,0.90618,0.90645
1217,2023-05-09 00:41:01,0.90616,0.90643
1218,2023-05-09 00:41:04,0.90617,0.90644
1219,2023-05-09 00:41:04,0.90618,0.90645
1220,2023-05-09 00:41:08,0.90619,0.90646
1221,2023-05-09 00:41:09,0.9062,0.90647
1222,2023-05-09 00:41:11,0.90618,0.90645
1223,2023-05-09 00:41:11,0.90617,0.90644
1224,2023-05-09 00:41:13,0.90618,0.90645
1225,2023-05-09 00:41:18,0.90619,0.90646
1226,2023-05-09 00:41:18,0.90618,0.90645
1227,2023-05-09 00:41:20,0.90617,0.90644
1228,2023-05-09 00:41:20,0.90621,0.90648
1229,2023-05-09 00:41:21,0.90619,0.90646
1230,2023-05-09 00:41:21,0.90618,0.90645
1231,2023-05-09 00:41:21,0.90617,0.90644
1232,2023-05-09 00:41:25,0.90618,0.90645
1233,2023-05-09 00:41:26,0.90617,0.90644
1234,2023-05-09 00:41:30,0.90616,0.90643
1235,2023-05-09 00:41:30,0.90609,0.90636
1236,2023-05-09 00:41:31,0.90611,0.90638
1237,2023-05-09 00:41:31,0.9061,0.90637
1238,2023-05-09 00:41:35,0.90611,0.90638
1239,2023-05-09 00:41:37,0.9061,0.90637
1240,2023-05-09 00:41:39,0.90609,0.90636
1241,2023-05-09 00:41:40,0.90611,0.90638
1242,2023-05-09 00:41:42,0.9061,0.90637
1243,2023-05-09 00:41:48,0.90611,0.90638
1244,2023-05-09 00:41:49,0.9061,0.90637
1245,2023-05-09 00:41:58,0.90611,0.90638
1246,2023-05-09 00:41:59,0.90613,0.9064
1247,2023-05-09 00:42:00,0.90611,0.90638
1248,2023-05-09 00:42:01,0.90612,0.90639
1249,2023-05-09 00:42:04,0.90613,0.9064
1250,2023-05-09 00:42:04,0.90614,0.90641
1251,2023-05-09 00:42:05,0.90615,0.90642
1252,2023-05-09 00:42:13,0.90616,0.90643
1253,2023-05-09 00:42:14,0.90619,0.90646
1254,2023-05-09 00:42:16,0.90618,0.90645
1255,2023-05-09 00:42:17,0.90617,0.90644
1256,2023-05-09 00:42:19,0.90615,0.90642
1257,2023-05-09 00:42:22,0.90616,0.90643
1258,2023-05-09 00:42:24,0.90615,0.90642
1259,2023-05-09 00:42:28,0.90617,0.90644
1260,2023-05-09 00:42:28,0.90618,0.90645
1261,2023-05-09 00:42:31,0.90619,0.90646
1262,2023-05-09 00:42:33,0.90622,0.90649
1263,2023-05-09 00:42:35,0.90621,0.90648
1264,2023-05-09 00:42:56,0.90616,0.90643
1265,2023-05-09 00:42:56,0.90614,0.90641
1266,2023-05-09 00:42:59,0.90615,0.90642
1267,2023-05-09 00:43:00,0.90615,0.90642
1268,2023-05-09 00:43:01,0.90614,0.90641
1269,2023-05-09 00:43:02,0.90617,0.90644
1270,2023-05-09 00:43:07,0.90618,0.90645
1271,2023-05-09 00:43:08,0.90619,0.90646
1272,2023-05-09 00:43:09,0.90617,0.90644
1273,2023-05-09 00:43:10,0.90616,0.90643
1274,2023-05-09 00:43:22,0.90619,0.90646
1275,2023-05-09 00:43:23,0.90617,0.90644
1276,2023-05-09 00:43:25,0.90619,0.90646
1277,2023-05-09 00:43:28,0.90616,0.90643
1278,2023-05-09 00:43:31,0.90617,0.90644
1279,2023-05-09 00:43:33,0.90618,0.90645
1280,2023-05-09 00:43:33,0.90619,0.90646
1281,2023-05-09 00:43:34,0.9062,0.90647
1282,2023-05-09 00:43:37,0.90619,0.90646
1283,2023-05-09 00:43:39,0.90618,0.90645
1284,2023-05-09 00:43:53,0.90616,0.90643
1285,2023-05-09 00:43:58,0.90617,0.90644
1286,2023-05-09 00:43:58,0.90618,0.90645
1287,2023-05-09 00:43:58,0.90619,0.90646
1288,2023-05-09 00:43:58,0.90617,0.90644
1289,2023-05-09 00:44:00,0.90617,0.90644
1290,2023-05-09 00:44:02,0.90618,0.90645
1291,2023-05-09 00:44:03,0.90616,0.90643
1292,2023-05-09 00:44:09,0.90621,0.90648
1293,2023-05-09 00:44:09,0.90622,0.90649
1294,2023-05-09 00:44:24,0.90623,0.9065
1295,2023-05-09 00:44:46,0.90618,0.90645
1296,2023-05-09 00:44:49,0.90617,0.90644
1297,2023-05-09 00:44:51,0.90619,0.90646
1298,2023-05-09 00:44:52,0.90617,0.90644
1299,2023-05-09 00:44:54,0.90618,0.90645
1300,2023-05-09 00:45:00,0.90616,0.90643
1301,2023-05-09 00:45:00,0.90618,0.90645
1302,2023-05-09 00:45:01,0.90617,0.90644
1303,2023-05-09 00:45:12,0.90616,0.90643
1304,2023-05-09 00:45:22,0.90615,0.90642
1305,2023-05-09 00:45:26,0.90612,0.90639
1306,2023-05-09 00:45:26,0.9061,0.90637
1307,2023-05-09 00:45:30,0.90609,0.90636
1308,2023-05-09 00:45:33,0.90608,0.90635
1309,2023-05-09 00:45:34,0.90609,0.90636
1310,2023-05-09 00:45:39,0.90608,0.90635
1311,2023-05-09 00:45:41,0.90609,0.90636
1312,2023-05-09 00:45:45,0.9061,0.90637
1313,2023-05-09 00:45:48,0.90611,0.90638
1314,2023-05-09 00:45:48,0.90612,0.90639
1315,2023-05-09 00:45:49,0.90614,0.90641
1316,2023-05-09 00:45:51,0.90613,0.9064
1317,2023-05-09 00:45:51,0.90615,0.90642
1318,2023-05-09 00:45:54,0.90614,0.90641
1319,2023-05-09 00:45:55,0.90616,0.90643
1320,2023-05-09 00:45:55,0.90617,0.90644
1321,2023-05-09 00:45:56,0.90616,0.90643
1322,2023-05-09 00:45:57,0.90615,0.90642
1323,2023-05-09 00:46:00,0.90615,0.90642
1324,2023-05-09 00:46:00,0.90616,0.90643
1325,2023-05-09 00:46:08,0.90622,0.90649
1326,2023-05-09 00:46:08,0.90621,0.90648
1327,2023-05-09 00:46:09,0.90623,0.9065
1328,2023-05-09 00:46:11,0.90624,0.90651
1329,2023-05-09 00:46:12,0.90625,0.90652
1330,2023-05-09 00:46:23,0.90626,0.90653
1331,2023-05-09 00:46:23,0.90627,0.90654
1332,2023-05-09 00:46:23,0.90626,0.90653
1333,2023-05-09 00:46:24,0.90625,0.90652
1334,2023-05-09 00:46:55,0.90619,0.90646
1335,2023-05-09 00:46:56,0.9062,0.90647
1336,2023-05-09 00:46:57,0.90619,0.90646
1337,2023-05-09 00:46:58,0.9062,0.90647
1338,2023-05-09 00:47:00,0.9062,0.90647
1339,2023-05-09 00:47:01,0.90621,0.90648
1340,2023-05-09 00:47:03,0.90622,0.90649
1341,2023-05-09 00:47:05,0.90619,0.90646
1342,2023-05-09 00:47:06,0.90618,0.90645
1343,2023-05-09 00:47:06,0.90619,0.90646
1344,2023-05-09 00:47:10,0.9062,0.90647
1345,2023-05-09 00:47:10,0.90618,0.90645
1346,2023-05-09 00:47:11,0.90616,0.90643
1347,2023-05-09 00:47:13,0.90619,0.90646
1348,2023-05-09 00:47:14,0.90618,0.90645
1349,2023-05-09 00:47:16,0.90617,0.90644
1350,2023-05-09 00:47:17,0.90618,0.90645
1351,2023-05-09 00:47:27,0.90619,0.90646
1352,2023-05-09 00:47:28,0.90617,0.90644
1353,2023-05-09 00:47:30,0.90612,0.90639
1354,2023-05-09 00:47:30,0.90613,0.9064
1355,2023-05-09 00:47:30,0.90615,0.90642
1356,2023-05-09 00:47:38,0.90613,0.9064
1357,2023-05-09 00:47:38,0.90612,0.90639
1358,2023-05-09 00:47:39,0.90613,0.9064
1359,2023-05-09 00:47:41,0.90612,0.90639
1360,2023-05-09 00:47:46,0.90613,0.9064
1361,2023-05-09 00:47:53,0.90614,0.90641
1362,2023-05-09 00:47:55,0.90613,0.9064
1363,2023-05-09 00:48:00,0.90613,0.9064
1364,2023-05-09 00:48:08,0.90614,0.90641
1365,2023-05-09 00:48:11,0.90616,0.90643
1366,2023-05-09 00:48:11,0.90614,0.90641
1367,2023-05-09 00:48:15,0.90615,0.90642
1368,2023-05-09 00:48:16,0.90614,0.90641
1369,2023-05-09 00:48:19,0.90615,0.90642
1370,2023-05-09 00:48:22,0.90616,0.90643
1371,2023-05-09 00:48:23,0.90615,0.90642
1372,2023-05-09 00:48:27,0.90616,0.90643
1373,2023-05-09 00:48:28,0.90615,0.90642
1374,2023-05-09 00:48:29,0.90616,0.90643
1375,2023-05-09 00:48:29,0.90614,0.90641
1376,2023-05-09 00:48:31,0.90616,0.90643
1377,2023-05-09 00:48:32,0.9061,0.90637
1378,2023-05-09 00:48:33,0.90611,0.90638
1379,2023-05-09 00:48:33,0.90612,0.90639
1380,2023-05-09 00:48:37,0.90613,0.9064
1381,2023-05-09 00:48:37,0.90614,0.90641
1382,2023-05-09 00:48:46,0.90615,0.90642
1383,2023-05-09 00:48:47,0.90616,0.90643
1384,2023-05-09 00:48:47,0.90615,0.90642
1385,2023-05-09 00:48:47,0.90616,0.90643
1386,2023-05-09 00:48:50,0.90613,0.9064
1387,2023-05-09 00:48:50,0.90614,0.90641
1388,2023-05-09 00:48:51,0.90612,0.90639
1389,2023-05-09 00:48:52,0.90613,0.9064
1390,2023-05-09 00:48:52,0.90614,0.90641
1391,2023-05-09 00:48:55,0.90613,0.9064
1392,2023-05-09 00:48:58,0.90612,0.90639
1393,2023-05-09 00:49:00,0.90612,0.90639
1394,2023-05-09 00:49:00,0.90613,0.9064
1395,2023-05-09 00:49:02,0.90614,0.90641
1396,2023-05-09 00:49:02,0.90613,0.9064
1397,2023-05-09 00:49:05,0.90615,0.90642
1398,2023-05-09 00:49:06,0.90614,0.90641
1399,2023-05-09 00:49:06,0.90613,0.9064
1400,2023-05-09 00:49:06,0.90614,0.90641
1401,2023-05-09 00:49:06,0.90616,0.90643
1402,2023-05-09 00:49:07,0.90618,0.90645
1403,2023-05-09 00:49:07,0.90617,0.90644
1404,2023-05-09 00:49:17,0.90614,0.90641
1405,2023-05-09 00:49:17,0.90615,0.90642
1406,2023-05-09 00:49:18,0.90616,0.90643
1407,2023-05-09 00:49:21,0.90617,0.90644
1408,2023-05-09 00:49:24,0.90616,0.90643
1409,2023-05-09 00:49:26,0.90617,0.90644
1410,2023-05-09 00:49:26,0.90616,0.90643
1411,2023-05-09 00:49:27,0.90617,0.90644
1412,2023-05-09 00:49:29,0.90616,0.90643
1413,2023-05-09 00:49:30,0.90617,0.90644
1414,2023-05-09 00:49:32,0.90616,0.90643
1415,2023-05-09 00:49:34,0.90615,0.90642
1416,2023-05-09 00:49:34,0.90616,0.90643
1417,2023-05-09 00:49:38,0.90617,0.90644
1418,2023-05-09 00:49:42,0.90619,0.90646
1419,2023-05-09 00:49:46,0.9062,0.90647
1420,2023-05-09 00:49:46,0.90621,0.90648
1421,2023-05-09 00:49:47,0.90625,0.90652
1422,2023-05-09 00:49:47,0.90626,0.90653
1423,2023-05-09 00:49:49,0.90625,0.90652
1424,2023-05-09 00:49:50,0.90624,0.90651
1425,2023-05-09 00:49:50,0.90622,0.90649
1426,2023-05-09 00:49:50,0.90621,0.90648
1427,2023-05-09 00:49:51,0.90622,0.90649
1428,2023-05-09 00:49:51,0.90621,0.90648
1429,2023-05-09 00:49:54,0.90618,0.90645
1430,2023-05-09 00:49:56,0.90617,0.90644
1431,2023-05-09 00:49:58,0.90616,0.90643
1432,2023-05-09 00:50:00,0.90616,0.90643
1433,2023-05-09 00:50:01,0.90617,0.90644
1434,2023-05-09 00:50:05,0.90615,0.90642
1435,2023-05-09 00:50:05,0.90614,0.90641
1436,2023-05-09 00:50:06,0.90615,0.90642
1437,2023-05-09 00:50:06,0.90614,0.90641
1438,2023-05-09 00:50:07,0.90615,0.90642
1439,2023-05-09 00:50:09,0.90614,0.90641
1440,2023-05-09 00:50:11,0.90615,0.90642
1441,2023-05-09 00:50:11,0.90614,0.90641
1442,2023-05-09 00:50:17,0.90615,0.90642
1443,2023-05-09 00:50:18,0.90614,0.90641
1444,2023-05-09 00:50:18,0.90612,0.90639
1445,2023-05-09 00:50:22,0.90613,0.9064
1446,2023-05-09 00:50:28,0.90614,0.90641
1447,2023-05-09 00:50:29,0.90613,0.9064
1448,2023-05-09 00:50:33,0.90616,0.90643
1449,2023-05-09 00:50:35,0.90613,0.9064
1450,2023-05-09 00:50:35,0.90612,0.90639
1451,2023-05-09 00:50:35,0.90611,0.90638
1452,2023-05-09 00:50:41,0.90612,0.90639
1453,2023-05-09 00:50:41,0.90611,0.90638
1454,2023-05-09 00:50:43,0.90612,0.90639
1455,2023-05-09 00:50:44,0.90611,0.90638
1456,2023-05-09 00:50:45,0.90612,0.90639
1457,2023-05-09 00:50:51,0.90611,0.90638
1458,2023-05-09 00:50:51,0.90612,0.90639
1459,2023-05-09 00:50:52,0.90613,0.9064
1460,2023-05-09 00:50:52,0.90616,0.90643
1461,2023-05-09 00:50:52,0.90612,0.90639
1462,2023-05-09 00:50:53,0.9061,0.90637
1463,2023-05-09 00:50:53,0.90609,0.90636
1464,2023-05-09 00:50:53,0.90606,0.90633
1465,2023-05-09 00:50:54,0.90604,0.90631
1466,2023-05-09 00:50:56,0.90605,0.90632
1467,2023-05-09 00:51:00,0.90605,0.90632
1468,2023-05-09 00:51:00,0.90606,0.90633
1469,2023-05-09 00:51:01,0.90604,0.90631
1470,2023-05-09 00:51:02,0.90606,0.90633
1471,2023-05-09 00:51:04,0.90608,0.90635
1472,2023-05-09 00:51:07,0.90607,0.90634
1473,2023-05-09 00:51:08,0.90608,0.90635
1474,2023-05-09 00:51:08,0.90611,0.90638
1475,2023-05-09 00:51:11,0.90612,0.90639
1476,2023-05-09 00:51:13,0.9061,0.90637
1477,2023-05-09 00:51:14,0.90611,0.90638
1478,2023-05-09 00:51:18,0.90612,0.90639
1479,2023-05-09 00:51:19,0.9061,0.90637
1480,2023-05-09 00:51:20,0.90611,0.90638
1481,2023-05-09 00:51:26,0.90612,0.90639
1482,2023-05-09 00:51:28,0.90611,0.90638
1483,2023-05-09 00:51:33,0.9061,0.90637
1484,2023-05-09 00:51:35,0.90611,0.90638
1485,2023-05-09 00:51:36,0.9061,0.90637
1486,2023-05-09 00:51:37,0.90611,0.90638
1487,2023-05-09 00:51:37,0.90613,0.9064
1488,2023-05-09 00:51:38,0.90611,0.90638
1489,2023-05-09 00:51:40,0.90613,0.9064
1490,2023-05-09 00:51:41,0.90614,0.90641
1491,2023-05-09 00:51:41,0.90616,0.90643
1492,2023-05-09 00:51:43,0.90612,0.90639
1493,2023-05-09 00:51:46,0.90611,0.90638
1494,2023-05-09 00:51:50,0.90612,0.90639
1495,2023-05-09 00:51:59,0.90609,0.90636
1496,2023-05-09 00:52:00,0.90609,0.90636
1497,2023-05-09 00:52:00,0.90611,0.90638
1498,2023-05-09 00:52:06,0.9061,0.90637
1499,2023-05-09 00:52:09,0.90611,0.90638
1500,2023-05-09 00:52:09,0.9061,0.90637
1501,2023-05-09 00:52:10,0.90611,0.90638
1502,2023-05-09 00:52:19,0.9061,0.90637
1503,2023-05-09 00:52:20,0.90606,0.90633
1504,2023-05-09 00:52:22,0.90608,0.90635
1505,2023-05-09 00:52:22,0.90607,0.90634
1506,2023-05-09 00:52:22,0.90608,0.90635
1507,2023-05-09 00:52:25,0.90606,0.90633
1508,2023-05-09 00:52:26,0.90605,0.90632
1509,2023-05-09 00:52:27,0.90606,0.90633
1510,2023-05-09 00:52:32,0.90607,0.90634
1511,2023-05-09 00:52:33,0.90605,0.90632
1512,2023-05-09 00:52:34,0.90606,0.90633
1513,2023-05-09 00:52:37,0.90605,0.90632
1514,2023-05-09 00:52:41,0.90606,0.90633
1515,2023-05-09 00:52:42,0.90607,0.90634
1516,2023-05-09 00:52:47,0.90605,0.90632
1517,2023-05-09 00:52:53,0.90606,0.90633
1518,2023-05-09 00:52:54,0.90607,0.90634
1519,2023-05-09 00:52:54,0.90605,0.90632
1520,2023-05-09 00:52:55,0.90606,0.90633
1521,2023-05-09 00:53:00,0.90607,0.90634
1522,2023-05-09 00:53:00,0.90608,0.90635
1523,2023-05-09 00:53:01,0.90607,0.90634
1524,2023-05-09 00:53:03,0.90606,0.90633
1525,2023-05-09 00:53:04,0.90605,0.90632
1526,2023-05-09 00:53:08,0.90606,0.90633
1527,2023-05-09 00:53:08,0.90604,0.90631
1528,2023-05-09 00:53:09,0.90605,0.90632
1529,2023-05-09 00:53:10,0.90603,0.9063
1530,2023-05-09 00:53:14,0.90604,0.90631
1531,2023-05-09 00:53:24,0.90605,0.90632
1532,2023-05-09 00:53:30,0.90604,0.90631
1533,2023-05-09 00:53:30,0.90605,0.90632
1534,2023-05-09 00:53:32,0.90604,0.90631
1535,2023-05-09 00:53:33,0.90603,0.9063
1536,2023-05-09 00:53:38,0.90604,0.90631
1537,2023-05-09 00:53:43,0.90603,0.9063
1538,2023-05-09 00:53:43,0.90605,0.90632
1539,2023-05-09 00:53:49,0.90604,0.90631
1540,2023-05-09 00:53:51,0.90605,0.90632
1541,2023-05-09 00:53:59,0.90604,0.90631
1542,2023-05-09 00:54:00,0.90604,0.90631
1543,2023-05-09 00:54:01,0.90603,0.9063
1544,2023-05-09 00:54:04,0.90602,0.90629
1545,2023-05-09 00:54:05,0.90603,0.9063
1546,2023-05-09 00:54:06,0.90605,0.90632
1547,2023-05-09 00:54:06,0.90604,0.90631
1548,2023-05-09 00:54:08,0.90606,0.90633
1549,2023-05-09 00:54:10,0.90605,0.90632
1550,2023-05-09 00:54:17,0.90606,0.90633
1551,2023-05-09 00:54:20,0.90605,0.90632
1552,2023-05-09 00:54:21,0.90604,0.90631
1553,2023-05-09 00:54:25,0.90605,0.90632
1554,2023-05-09 00:54:28,0.90606,0.90633
1555,2023-05-09 00:54:29,0.90604,0.90631
1556,2023-05-09 00:54:30,0.90606,0.90633
1557,2023-05-09 00:54:32,0.90605,0.90632
1558,2023-05-09 00:54:33,0.90607,0.90634
1559,2023-05-09 00:54:34,0.90608,0.90635
1560,2023-05-09 00:54:34,0.90607,0.90634
1561,2023-05-09 00:54:36,0.90609,0.90636
1562,2023-05-09 00:54:36,0.90612,0.90639
1563,2023-05-09 00:54:36,0.90611,0.90638
1564,2023-05-09 00:54:37,0.90612,0.90639
1565,2023-05-09 00:54:42,0.9061,0.90637
1566,2023-05-09 00:54:43,0.90611,0.90638
1567,2023-05-09 00:54:43,0.90613,0.9064
1568,2023-05-09 00:54:44,0.90611,0.90638
1569,2023-05-09 00:54:44,0.90612,0.90639
1570,2023-05-09 00:54:45,0.9061,0.90637
1571,2023-05-09 00:54:45,0.90612,0.90639
1572,2023-05-09 00:54:45,0.90611,0.90638
1573,2023-05-09 00:54:47,0.90614,0.90641
1574,2023-05-09 00:54:47,0.90612,0.90639
1575,2023-05-09 00:54:49,0.90613,0.9064
1576,2023-05-09 00:54:52,0.90612,0.90639
1577,2023-05-09 00:54:53,0.90618,0.90645
1578,2023-05-09 00:54:53,0.90615,0.90642
1579,2023-05-09 00:54:54,0.90612,0.90639
1580,2023-05-09 00:54:54,0.90613,0.9064
1581,2023-05-09 00:54:54,0.90615,0.90642
1582,2023-05-09 00:54:55,0.90614,0.90641
1583,2023-05-09 00:54:55,0.90616,0.90643
1584,2023-05-09 00:54:56,0.90619,0.90646
1585,2023-05-09 00:54:57,0.90624,0.90651
1586,2023-05-09 00:54:57,0.90626,0.90653
1587,2023-05-09 00:54:58,0.90625,0.90652
1588,2023-05-09 00:54:59,0.90627,0.90654
1589,2023-05-09 00:54:59,0.90624,0.90651
1590,2023-05-09 00:54:59,0.90623,0.9065
1591,2023-05-09 00:55:00,0.90623,0.9065
1592,2023-05-09 00:55:00,0.90613,0.9064
1593,2023-05-09 00:55:00,0.90618,0.90645
1594,2023-05-09 00:55:00,0.90619,0.90646
1595,2023-05-09 00:55:01,0.9062,0.90647
1596,2023-05-09 00:55:01,0.90621,0.90648
1597,2023-05-09 00:55:01,0.90622,0.90649
1598,2023-05-09 00:55:02,0.90614,0.90641
1599,2023-05-09 00:55:02,0.90616,0.90643
1600,2023-05-09 00:55:02,0.90617,0.90644
1601,2023-05-09 00:55:03,0.90618,0.90645
1602,2023-05-09 00:55:03,0.90616,0.90643
1603,2023-05-09 00:55:05,0.90621,0.90648
1604,2023-05-09 00:55:05,0.9062,0.90647
1605,2023-05-09 00:55:05,0.90619,0.90646
1606,2023-05-09 00:55:06,0.90621,0.90648
1607,2023-05-09 00:55:08,0.9062,0.90647
1608,2023-05-09 00:55:12,0.90621,0.90648
1609,2023-05-09 00:55:16,0.90622,0.90649
1610,2023-05-09 00:55:18,0.90621,0.90648
1611,2023-05-09 00:55:20,0.90622,0.90649
1612,2023-05-09 00:55:21,0.90623,0.9065
1613,2023-05-09 00:55:22,0.90622,0.90649
1614,2023-05-09 00:55:27,0.90624,0.90651
1615,2023-05-09 00:55:30,0.90623,0.9065
1616,2023-05-09 00:55:30,0.90621,0.90648
1617,2023-05-09 00:55:31,0.90617,0.90644
1618,2023-05-09 00:55:33,0.90616,0.90643
1619,2023-05-09 00:55:33,0.90618,0.90645
1620,2023-05-09 00:55:34,0.90619,0.90646
1621,2023-05-09 00:55:34,0.90618,0.90645
1622,2023-05-09 00:55:36,0.90617,0.90644
1623,2023-05-09 00:55:39,0.90616,0.90643
1624,2023-05-09 00:55:39,0.90615,0.90642
1625,2023-05-09 00:55:40,0.90613,0.9064
1626,2023-05-09 00:55:41,0.90611,0.90638
1627,2023-05-09 00:55:41,0.90609,0.90636
1628,2023-05-09 00:55:42,0.90608,0.90635
1629,2023-05-09 00:55:44,0.90607,0.90634
1630,2023-05-09 00:55:47,0.90608,0.90635
1631,2023-05-09 00:55:48,0.90609,0.90636
1632,2023-05-09 00:55:49,0.9061,0.90637
1633,2023-05-09 00:55:51,0.90608,0.90635
1634,2023-05-09 00:55:57,0.90609,0.90636
1635,2023-05-09 00:56:00,0.90609,0.90636
1636,2023-05-09 00:56:00,0.9061,0.90637
1637,2023-05-09 00:56:00,0.90614,0.90641
1638,2023-05-09 00:56:00,0.90617,0.90644
1639,2023-05-09 00:56:01,0.90618,0.90645
1640,2023-05-09 00:56:01,0.9062,0.90647
1641,2023-05-09 00:56:02,0.90618,0.90645
1642,2023-05-09 00:56:03,0.90617,0.90644
1643,2023-05-09 00:56:05,0.9062,0.90647
1644,2023-05-09 00:56:07,0.90618,0.90645
1645,2023-05-09 00:56:09,0.90619,0.90646
1646,2023-05-09 00:56:11,0.9062,0.90647
1647,2023-05-09 00:56:11,0.90618,0.90645
1648,2023-05-09 00:56:12,0.90619,0.90646
1649,2023-05-09 00:56:12,0.90621,0.90648
1650,2023-05-09 00:56:13,0.90619,0.90646
1651,2023-05-09 00:56:13,0.9062,0.90647
1652,2023-05-09 00:56:15,0.90619,0.90646
1653,2023-05-09 00:56:17,0.90623,0.9065
1654,2023-05-09 00:56:19,0.90621,0.90648
1655,2023-05-09 00:56:21,0.90623,0.9065
1656,2023-05-09 00:56:21,0.90621,0.90648
1657,2023-05-09 00:56:24,0.90623,0.9065
1658,2023-05-09 00:56:24,0.90621,0.90648
1659,2023-05-09 00:56:26,0.90623,0.9065
1660,2023-05-09 00:56:27,0.90621,0.90648
1661,2023-05-09 00:56:33,0.90622,0.90649
1662,2023-05-09 00:56:35,0.90623,0.9065
1663,2023-05-09 00:56:37,0.90621,0.90648
1664,2023-05-09 00:56:40,0.9062,0.90647
1665,2023-05-09 00:56:40,0.90621,0.90648
1666,2023-05-09 00:56:45,0.9062,0.90647
1667,2023-05-09 00:56:47,0.90616,0.90643
1668,2023-05-09 00:56:47,0.90617,0.90644
1669,2023-05-09 00:56:48,0.90616,0.90643
1670,2023-05-09 00:56:49,0.90615,0.90642
1671,2023-05-09 00:56:51,0.90617,0.90644
1672,2023-05-09 00:56:53,0.90616,0.90643
1673,2023-05-09 00:56:55,0.90614,0.90641
1674,2023-05-09 00:56:57,0.90615,0.90642
1675,2023-05-09 00:57:00,0.90615,0.90642
1676,2023-05-09 00:57:02,0.90614,0.90641
1677,2023-05-09 00:57:03,0.90616,0.90643
1678,2023-05-09 00:57:03,0.90615,0.90642
1679,2023-05-09 00:57:07,0.90616,0.90643
1680,2023-05-09 00:57:11,0.90615,0.90642
1681,2023-05-09 00:57:14,0.90616,0.90643
1682,2023-05-09 00:57:16,0.90615,0.90642
1683,2023-05-09 00:57:20,0.90616,0.90643
1684,2023-05-09 00:57:23,0.90615,0.90642
1685,2023-05-09 00:57:35,0.90611,0.90638
1686,2023-05-09 00:57:41,0.90613,0.9064
1687,2023-05-09 00:57:43,0.90611,0.90638
1688,2023-05-09 00:57:47,0.90612,0.90639
1689,2023-05-09 00:57:47,0.90609,0.90636
1690,2023-05-09 00:57:50,0.9061,0.90637
1691,2023-05-09 00:57:51,0.90611,0.90638
1692,2023-05-09 00:57:54,0.9061,0.90637
1693,2023-05-09 00:57:57,0.90612,0.90639
1694,2023-05-09 00:58:00,0.90612,0.90639
1695,2023-05-09 00:58:00,0.90611,0.90638
1696,2023-05-09 00:58:00,0.9061,0.90637
1697,2023-05-09 00:58:01,0.90611,0.90638
1698,2023-05-09 00:58:02,0.9061,0.90637
1699,2023-05-09 00:58:08,0.90611,0.90638
1700,2023-05-09 00:58:10,0.9061,0.90637
1701,2023-05-09 00:58:10,0.90611,0.90638
1702,2023-05-09 00:58:11,0.90612,0.90639
1703,2023-05-09 00:58:11,0.90611,0.90638
1704,2023-05-09 00:58:13,0.9061,0.90637
1705,2023-05-09 00:58:16,0.90611,0.90638
1706,2023-05-09 00:58:18,0.90609,0.90636
1707,2023-05-09 00:58:20,0.90607,0.90634
1708,2023-05-09 00:58:21,0.90608,0.90635
1709,2023-05-09 00:58:22,0.90609,0.90636
1710,2023-05-09 00:58:30,0.90608,0.90635
1711,2023-05-09 00:58:30,0.90609,0.90636
1712,2023-05-09 00:58:31,0.90608,0.90635
1713,2023-05-09 00:58:32,0.90609,0.90636
1714,2023-05-09 00:58:36,0.90605,0.90632
1715,2023-05-09 00:58:36,0.90603,0.9063
1716,2023-05-09 00:58:37,0.90602,0.90629
1717,2023-05-09 00:58:38,0.90603,0.9063
1718,2023-05-09 00:58:39,0.90604,0.90631
1719,2023-05-09 00:58:39,0.90602,0.90629
1720,2023-05-09 00:58:40,0.90603,0.9063
1721,2023-05-09 00:58:42,0.90598,0.90625
1722,2023-05-09 00:58:48,0.906,0.90627
1723,2023-05-09 00:58:49,0.90598,0.90625
1724,2023-05-09 00:58:51,0.90601,0.90628
1725,2023-05-09 00:58:51,0.90602,0.90629
1726,2023-05-09 00:58:52,0.906,0.90627
1727,2023-05-09 00:58:54,0.90599,0.90626
1728,2023-05-09 00:58:59,0.90598,0.90625
1729,2023-05-09 00:58:59,0.90599,0.90626
1730,2023-05-09 00:59:00,0.90598,0.90625
1731,2023-05-09 00:59:03,0.906,0.90627
1732,2023-05-09 00:59:06,0.90602,0.90629
1733,2023-05-09 00:59:09,0.90604,0.90631
1734,2023-05-09 00:59:13,0.90602,0.90629
1735,2023-05-09 00:59:15,0.90603,0.9063
1736,2023-05-09 00:59:21,0.90599,0.90626
1737,2023-05-09 00:59:22,0.906,0.90627
1738,2023-05-09 00:59:23,0.90603,0.9063
1739,2023-05-09 00:59:29,0.90604,0.90631
1740,2023-05-09 00:59:30,0.90603,0.9063
1741,2023-05-09 00:59:35,0.90601,0.90628
1742,2023-05-09 00:59:38,0.90599,0.90626
1743,2023-05-09 00:59:38,0.906,0.90627
1744,2023-05-09 00:59:40,0.90599,0.90626
1745,2023-05-09 00:59:42,0.90598,0.90625
1746,2023-05-09 00:59:45,0.906,0.90627
1747,2023-05-09 00:59:46,0.90599,0.90626
1748,2023-05-09 00:59:51,0.90598,0.90625
1749,2023-05-09 00:59:52,0.90599,0.90626
1750,2023-05-09 01:00:00,0.90598,0.90625
1751,2023-05-09 01:00:00,0.90595,0.90622
1752,2023-05-09 01:00:01,0.90596,0.90623
1753,2023-05-09 01:00:01,0.90597,0.90624
1754,2023-05-09 01:00:01,0.90596,0.90623
1755,2023-05-09 01:00:02,0.90597,0.90624
1756,2023-05-09 01:00:04,0.90596,0.90623
1757,2023-05-09 01:00:06,0.90597,0.90624
1758,2023-05-09 01:00:14,0.90599,0.90626
1759,2023-05-09 01:00:17,0.90598,0.90625
1760,2023-05-09 01:00:17,0.90597,0.90624
1761,2023-05-09 01:00:18,0.90602,0.90629
1762,2023-05-09 01:00:20,0.90601,0.90628
1763,2023-05-09 01:00:21,0.90602,0.90629
1764,2023-05-09 01:00:23,0.90604,0.90631
1765,2023-05-09 01:00:26,0.90605,0.90632
1766,2023-05-09 01:00:28,0.90604,0.90631
1767,2023-05-09 01:00:28,0.90603,0.9063
1768,2023-05-09 01:00:31,0.90604,0.90631
1769,2023-05-09 01:00:34,0.90603,0.9063
1770,2023-05-09 01:00:38,0.90606,0.90633
1771,2023-05-09 01:00:42,0.90607,0.90634
1772,2023-05-09 01:00:43,0.90608,0.90635
1773,2023-05-09 01:00:55,0.90607,0.90634
1774,2023-05-09 01:01:00,0.90607,0.90634
1775,2023-05-09 01:01:00,0.90608,0.90635
1776,2023-05-09 01:01:01,0.90609,0.90636
1777,2023-05-09 01:01:02,0.90608,0.90635
1778,2023-05-09 01:01:03,0.90607,0.90634
1779,2023-05-09 01:01:04,0.90608,0.90635
1780,2023-05-09 01:01:05,0.90606,0.90633
1781,2023-05-09 01:01:06,0.90605,0.90632
1782,2023-05-09 01:01:10,0.90604,0.90631
1783,2023-05-09 01:01:10,0.90603,0.9063
1784,2023-05-09 01:01:14,0.90604,0.90631
1785,2023-05-09 01:01:16,0.90603,0.9063
1786,2023-05-09 01:01:16,0.90599,0.90626
1787,2023-05-09 01:01:16,0.906,0.90627
1788,2023-05-09 01:01:18,0.90599,0.90626
1789,2023-05-09 01:01:19,0.90598,0.90625
1790,2023-05-09 01:01:20,0.906,0.90627
1791,2023-05-09 01:01:31,0.90601,0.90628
1792,2023-05-09 01:01:31,0.90606,0.90633
1793,2023-05-09 01:01:31,0.90604,0.90631
1794,2023-05-09 01:01:35,0.90603,0.9063
1795,2023-05-09 01:01:36,0.90604,0.90631
1796,2023-05-09 01:01:38,0.90605,0.90632
1797,2023-05-09 01:01:38,0.90604,0.90631
1798,2023-05-09 01:01:39,0.90605,0.90632
1799,2023-05-09 01:01:40,0.90604,0.90631
1800,2023-05-09 01:01:46,0.90605,0.90632
1801,2023-05-09 01:01:47,0.90604,0.90631
1802,2023-05-09 01:01:47,0.90605,0.90632
1803,2023-05-09 01:01:49,0.90606,0.90633
1804,2023-05-09 01:01:49,0.90607,0.90634
1805,2023-05-09 01:01:55,0.90606,0.90633
1806,2023-05-09 01:01:56,0.90605,0.90632
1807,2023-05-09 01:01:57,0.90607,0.90634
1808,2023-05-09 01:01:59,0.90606,0.90633
1809,2023-05-09 01:01:59,0.90605,0.90632
1810,2023-05-09 01:02:00,0.90605,0.90632
1811,2023-05-09 01:02:00,0.90608,0.90635
1812,2023-05-09 01:02:01,0.90611,0.90638
1813,2023-05-09 01:02:03,0.9061,0.90637
1814,2023-05-09 01:02:12,0.90611,0.90638
1815,2023-05-09 01:02:14,0.9061,0.90637
1816,2023-05-09 01:02:17,0.90612,0.90639
1817,2023-05-09 01:02:18,0.9061,0.90637
1818,2023-05-09 01:02:25,0.90607,0.90634
1819,2023-05-09 01:02:25,0.90605,0.90632
1820,2023-05-09 01:02:27,0.90604,0.90631
1821,2023-05-09 01:02:28,0.90605,0.90632
1822,2023-05-09 01:02:33,0.90606,0.90633
1823,2023-05-09 01:02:40,0.90607,0.90634
1824,2023-05-09 01:02:43,0.90608,0.90635
1825,2023-05-09 01:02:47,0.90607,0.90634
1826,2023-05-09 01:02:49,0.90608,0.90635
1827,2023-05-09 01:02:54,0.90607,0.90634
1828,2023-05-09 01:02:57,0.90608,0.90635
1829,2023-05-09 01:03:00,0.90608,0.90635
1830,2023-05-09 01:03:03,0.90607,0.90634
1831,2023-05-09 01:03:03,0.90608,0.90635
1832,2023-05-09 01:03:04,0.90607,0.90634
1833,2023-05-09 01:03:06,0.90608,0.90635
1834,2023-05-09 01:03:11,0.90609,0.90636
1835,2023-05-09 01:03:14,0.9061,0.90637
1836,2023-05-09 01:03:15,0.90609,0.90636
1837,2023-05-09 01:03:17,0.90608,0.90635
1838,2023-05-09 01:03:17,0.90609,0.90636
1839,2023-05-09 01:03:18,0.90607,0.90634
1840,2023-05-09 01:03:18,0.90605,0.90632
1841,2023-05-09 01:03:19,0.90609,0.90636
1842,2023-05-09 01:03:26,0.90608,0.90635
1843,2023-05-09 01:03:27,0.90609,0.90636
1844,2023-05-09 01:03:27,0.90608,0.90635
1845,2023-05-09 01:03:29,0.90609,0.90636
1846,2023-05-09 01:03:29,0.9061,0.90637
1847,2023-05-09 01:03:30,0.90611,0.90638
1848,2023-05-09 01:03:30,0.90612,0.90639
1849,2023-05-09 01:03:44,0.90611,0.90638
1850,2023-05-09 01:03:46,0.90612,0.90639
1851,2023-05-09 01:03:47,0.90611,0.90638
1852,2023-05-09 01:03:48,0.9061,0.90637
1853,2023-05-09 01:03:49,0.90609,0.90636
1854,2023-05-09 01:03:51,0.9061,0.90637
1855,2023-05-09 01:03:52,0.90608,0.90635
1856,2023-05-09 01:03:55,0.90609,0.90636
1857,2023-05-09 01:03:56,0.90608,0.90635
1858,2023-05-09 01:03:56,0.90609,0.90636
1859,2023-05-09 01:03:56,0.90608,0.90635
1860,2023-05-09 01:03:59,0.90609,0.90636
1861,2023-05-09 01:04:00,0.90611,0.90638
1862,2023-05-09 01:04:02,0.90609,0.90636
1863,2023-05-09 01:04:02,0.90608,0.90635
1864,2023-05-09 01:04:04,0.90609,0.90636
1865,2023-05-09 01:04:04,0.90608,0.90635
1866,2023-05-09 01:04:06,0.90607,0.90634
1867,2023-05-09 01:04:07,0.90606,0.90633
1868,2023-05-09 01:04:07,0.90607,0.90634
1869,2023-05-09 01:04:09,0.90608,0.90635
1870,2023-05-09 01:04:14,0.90609,0.90636
1871,2023-05-09 01:04:16,0.9061,0.90637
1872,2023-05-09 01:04:18,0.90607,0.90634
1873,2023-05-09 01:04:19,0.90609,0.90636
1874,2023-05-09 01:04:20,0.90608,0.90635
1875,2023-05-09 01:04:20,0.90609,0.90636
1876,2023-05-09 01:04:22,0.90608,0.90635
1877,2023-05-09 01:04:24,0.90609,0.90636
1878,2023-05-09 01:04:26,0.90612,0.90639
1879,2023-05-09 01:04:31,0.90611,0.90638
1880,2023-05-09 01:04:39,0.90613,0.9064
1881,2023-05-09 01:04:40,0.90614,0.90641
1882,2023-05-09 01:04:41,0.90613,0.9064
1883,2023-05-09 01:04:41,0.90614,0.90641
1884,2023-05-09 01:04:42,0.90616,0.90643
1885,2023-05-09 01:04:44,0.90618,0.90645
1886,2023-05-09 01:04:44,0.90617,0.90644
1887,2023-05-09 01:04:47,0.90615,0.90642
1888,2023-05-09 01:04:48,0.90616,0.90643
1889,2023-05-09 01:04:50,0.90614,0.90641
1890,2023-05-09 01:04:53,0.90612,0.90639
1891,2023-05-09 01:05:00,0.90612,0.90639
1892,2023-05-09 01:05:02,0.90611,0.90638
1893,2023-05-09 01:05:03,0.9061,0.90637
1894,2023-05-09 01:05:07,0.90609,0.90636
1895,2023-05-09 01:05:08,0.90607,0.90634
1896,2023-05-09 01:05:08,0.90608,0.90635
1897,2023-05-09 01:05:08,0.90606,0.90633
1898,2023-05-09 01:05:09,0.90607,0.90634
1899,2023-05-09 01:05:10,0.90606,0.90633
1900,2023-05-09 01:05:12,0.90607,0.90634
1901,2023-05-09 01:05:15,0.90606,0.90633
1902,2023-05-09 01:05:15,0.90607,0.90634
1903,2023-05-09 01:05:16,0.90608,0.90635
1904,2023-05-09 01:05:17,0.90609,0.90636
1905,2023-05-09 01:05:19,0.90608,0.90635
1906,2023-05-09 01:05:19,0.90611,0.90638
1907,2023-05-09 01:05:21,0.9061,0.90637
1908,2023-05-09 01:05:22,0.90611,0.90638
1909,2023-05-09 01:05:29,0.9061,0.90637
1910,2023-05-09 01:05:30,0.90611,0.90638
1911,2023-05-09 01:05:30,0.9061,0.90637
1912,2023-05-09 01:05:38,0.90609,0.90636
1913,2023-05-09 01:05:40,0.9061,0.90637
1914,2023-05-09 01:05:42,0.90609,0.90636
1915,2023-05-09 01:05:43,0.9061,0.90637
1916,2023-05-09 01:05:44,0.90611,0.90638
1917,2023-05-09 01:05:45,0.9061,0.90637
1918,2023-05-09 01:05:45,0.90611,0.90638
1919,2023-05-09 01:05:45,0.9061,0.90637
1920,2023-05-09 01:05:48,0.90612,0.90639
1921,2023-05-09 01:05:50,0.90613,0.9064
1922,2023-05-09 01:05:53,0.90614,0.90641
1923,2023-05-09 01:05:53,0.90613,0.9064
1924,2023-05-09 01:05:57,0.90612,0.90639
1925,2023-05-09 01:05:59,0.9061,0.90637
1926,2023-05-09 01:06:00,0.9061,0.90637
1927,2023-05-09 01:06:00,0.90611,0.90638
1928,2023-05-09 01:06:01,0.90612,0.90639
1929,2023-05-09 01:06:01,0.90611,0.90638
1930,2023-05-09 01:06:02,0.90612,0.90639
1931,2023-05-09 01:06:02,0.90611,0.90638
1932,2023-05-09 01:06:03,0.90612,0.90639
1933,2023-05-09 01:06:03,0.90611,0.90638
1934,2023-05-09 01:06:03,0.90612,0.90639
1935,2023-05-09 01:06:06,0.90611,0.90638
1936,2023-05-09 01:06:07,0.90609,0.90636
1937,2023-05-09 01:06:10,0.9061,0.90637
1938,2023-05-09 01:06:20,0.90611,0.90638
1939,2023-05-09 01:06:21,0.9061,0.90637
1940,2023-05-09 01:06:27,0.90607,0.90634
1941,2023-05-09 01:06:27,0.90606,0.90633
1942,2023-05-09 01:06:30,0.90607,0.90634
1943,2023-05-09 01:06:30,0.90608,0.90635
1944,2023-05-09 01:06:31,0.90606,0.90633
1945,2023-05-09 01:06:32,0.90603,0.9063
1946,2023-05-09 01:06:33,0.90604,0.90631
1947,2023-05-09 01:06:33,0.90603,0.9063
1948,2023-05-09 01:06:33,0.90605,0.90632
1949,2023-05-09 01:06:36,0.90603,0.9063
1950,2023-05-09 01:06:42,0.90602,0.90629
1951,2023-05-09 01:06:54,0.90603,0.9063
1952,2023-05-09 01:07:00,0.90603,0.9063
1953,2023-05-09 01:07:00,0.90602,0.90629
1954,2023-05-09 01:07:04,0.90603,0.9063
1955,2023-05-09 01:07:06,0.90601,0.90628
1956,2023-05-09 01:07:14,0.90597,0.90624
1957,2023-05-09 01:07:17,0.90596,0.90623
1958,2023-05-09 01:07:19,0.90593,0.9062
1959,2023-05-09 01:07:22,0.90592,0.90619
1960,2023-05-09 01:07:23,0.90593,0.9062
1961,2023-05-09 01:07:24,0.90597,0.90624
1962,2023-05-09 01:07:25,0.90598,0.90625
1963,2023-05-09 01:07:25,0.906,0.90627
1964,2023-05-09 01:07:27,0.90601,0.90628
1965,2023-05-09 01:07:33,0.906,0.90627
1966,2023-05-09 01:07:37,0.90601,0.90628
1967,2023-05-09 01:07:39,0.906,0.90627
1968,2023-05-09 01:07:43,0.90601,0.90628
1969,2023-05-09 01:07:44,0.906,0.90627
1970,2023-05-09 01:07:54,0.90599,0.90626
1971,2023-05-09 01:08:00,0.90599,0.90626
1972,2023-05-09 01:08:01,0.90594,0.90621
1973,2023-05-09 01:08:02,0.90595,0.90622
1974,2023-05-09 01:08:02,0.90594,0.90621
1975,2023-05-09 01:08:04,0.90593,0.9062
1976,2023-05-09 01:08:06,0.90594,0.90621
1977,2023-05-09 01:08:08,0.90592,0.90619
1978,2023-05-09 01:08:14,0.90588,0.90615
1979,2023-05-09 01:08:14,0.90587,0.90614
1980,2023-05-09 01:08:16,0.90589,0.90616
1981,2023-05-09 01:08:17,0.90587,0.90614
1982,2023-05-09 01:08:17,0.90586,0.90613
1983,2023-05-09 01:08:19,0.90587,0.90614
1984,2023-05-09 01:08:21,0.90588,0.90615
1985,2023-05-09 01:08:22,0.90587,0.90614
1986,2023-05-09 01:08:28,0.90586,0.90613
1987,2023-05-09 01:08:28,0.90587,0.90614
1988,2023-05-09 01:08:29,0.90588,0.90615
1989,2023-05-09 01:08:30,0.90582,0.90609
1990,2023-05-09 01:08:32,0.90583,0.9061
1991,2023-05-09 01:08:32,0.90584,0.90611
1992,2023-05-09 01:08:33,0.90585,0.90612
1993,2023-05-09 01:08:38,0.90584,0.90611
1994,2023-05-09 01:08:40,0.90585,0.90612
1995,2023-05-09 01:08:44,0.90584,0.90611
1996,2023-05-09 01:08:47,0.90583,0.9061
1997,2023-05-09 01:08:48,0.90584,0.90611
1998,2023-05-09 01:08:55,0.90585,0.90612
1999,2023-05-09 01:08:57,0.90584,0.90611
2000,2023-05-09 01:08:58,0.90583,0.9061
2001,2023-05-09 01:09:00,0.90584,0.90611
2002,2023-05-09 01:09:03,0.90585,0.90612
2003,2023-05-09 01:09:04,0.90584,0.90611
2004,2023-05-09 01:09:06,0.90585,0.90612
2005,2023-05-09 01:09:07,0.90586,0.90613
2006,2023-05-09 01:09:09,0.90587,0.90614
2007,2023-05-09 01:09:09,0.90589,0.90616
2008,2023-05-09 01:09:10,0.90592,0.90619
2009,2023-05-09 01:09:10,0.90595,0.90622
2010,2023-05-09 01:09:12,0.90596,0.90623
2011,2023-05-09 01:09:15,0.90597,0.90624
2012,2023-05-09 01:09:20,0.90596,0.90623
2013,2023-05-09 01:09:21,0.90599,0.90626
2014,2023-05-09 01:09:21,0.906,0.90627
2015,2023-05-09 01:09:22,0.90599,0.90626
2016,2023-05-09 01:09:31,0.90598,0.90625
2017,2023-05-09 01:09:35,0.90599,0.90626
2018,2023-05-09 01:09:37,0.90598,0.90625
2019,2023-05-09 01:09:39,0.906,0.90627
2020,2023-05-09 01:09:42,0.90599,0.90626
2021,2023-05-09 01:09:58,0.90601,0.90628
2022,2023-05-09 01:09:58,0.90603,0.9063
2023,2023-05-09 01:09:59,0.90605,0.90632
2024,2023-05-09 01:10:00,0.90605,0.90632
2025,2023-05-09 01:10:02,0.90604,0.90631
2026,2023-05-09 01:10:11,0.90607,0.90634
2027,2023-05-09 01:10:12,0.90608,0.90635
2028,2023-05-09 01:10:12,0.90609,0.90636
2029,2023-05-09 01:10:13,0.9061,0.90637
2030,2023-05-09 01:10:14,0.90608,0.90635
2031,2023-05-09 01:10:15,0.90609,0.90636
2032,2023-05-09 01:10:17,0.90608,0.90635
2033,2023-05-09 01:10:19,0.90606,0.90633
2034,2023-05-09 01:10:19,0.90604,0.90631
2035,2023-05-09 01:10:19,0.90603,0.9063
2036,2023-05-09 01:10:20,0.90599,0.90626
2037,2023-05-09 01:10:22,0.90597,0.90624
2038,2023-05-09 01:10:22,0.90598,0.90625
2039,2023-05-09 01:10:24,0.90599,0.90626
2040,2023-05-09 01:10:26,0.90598,0.90625
2041,2023-05-09 01:10:27,0.90597,0.90624
2042,2023-05-09 01:10:29,0.90602,0.90629
2043,2023-05-09 01:10:30,0.90601,0.90628
2044,2023-05-09 01:10:31,0.906,0.90627
2045,2023-05-09 01:10:33,0.90601,0.90628
2046,2023-05-09 01:10:34,0.90598,0.90625
2047,2023-05-09 01:10:35,0.90599,0.90626
2048,2023-05-09 01:10:37,0.90598,0.90625
2049,2023-05-09 01:10:41,0.90599,0.90626
2050,2023-05-09 01:10:42,0.90598,0.90625
2051,2023-05-09 01:10:50,0.906,0.90627
2052,2023-05-09 01:10:51,0.90601,0.90628
2053,2023-05-09 01:10:56,0.906,0.90627
2054,2023-05-09 01:10:56,0.90602,0.90629
2055,2023-05-09 01:11:00,0.90602,0.90629
2056,2023-05-09 01:11:06,0.90603,0.9063
2057,2023-05-09 01:11:08,0.90604,0.90631
2058,2023-05-09 01:11:10,0.90603,0.9063
2059,2023-05-09 01:11:15,0.90602,0.90629
2060,2023-05-09 01:11:17,0.90603,0.9063
2061,2023-05-09 01:11:17,0.90602,0.90629
2062,2023-05-09 01:11:17,0.90601,0.90628
2063,2023-05-09 01:11:21,0.90603,0.9063
2064,2023-05-09 01:11:22,0.90605,0.90632
2065,2023-05-09 01:11:23,0.90603,0.9063
2066,2023-05-09 01:11:28,0.90602,0.90629
2067,2023-05-09 01:11:31,0.90603,0.9063
2068,2023-05-09 01:11:32,0.90604,0.90631
2069,2023-05-09 01:11:36,0.90603,0.9063
2070,2023-05-09 01:11:39,0.90604,0.90631
2071,2023-05-09 01:11:42,0.90599,0.90626
2072,2023-05-09 01:11:43,0.90598,0.90625
2073,2023-05-09 01:11:47,0.90597,0.90624
2074,2023-05-09 01:11:50,0.906,0.90627
2075,2023-05-09 01:11:50,0.90599,0.90626
2076,2023-05-09 01:11:59,0.90598,0.90625
2077,2023-05-09 01:12:01,0.90598,0.90625
2078,2023-05-09 01:12:02,0.906,0.90627
2079,2023-05-09 01:12:02,0.90601,0.90628
2080,2023-05-09 01:12:02,0.90602,0.90629
2081,2023-05-09 01:12:04,0.90603,0.9063
2082,2023-05-09 01:12:06,0.90601,0.90628
2083,2023-05-09 01:12:09,0.90602,0.90629
2084,2023-05-09 01:12:11,0.90603,0.9063
2085,2023-05-09 01:12:13,0.90604,0.90631
2086,2023-05-09 01:12:14,0.90605,0.90632
2087,2023-05-09 01:12:16,0.90604,0.90631
2088,2023-05-09 01:12:18,0.90605,0.90632
2089,2023-05-09 01:12:21,0.90606,0.90633
2090,2023-05-09 01:12:22,0.90605,0.90632
2091,2023-05-09 01:12:24,0.90606,0.90633
2092,2023-05-09 01:12:27,0.90603,0.9063
2093,2023-05-09 01:12:29,0.90604,0.90631
2094,2023-05-09 01:12:38,0.90605,0.90632
2095,2023-05-09 01:12:39,0.90606,0.90633
2096,2023-05-09 01:12:41,0.90605,0.90632
2097,2023-05-09 01:12:43,0.90606,0.90633
2098,2023-05-09 01:12:43,0.90607,0.90634
2099,2023-05-09 01:12:44,0.90608,0.90635
2100,2023-05-09 01:12:46,0.90607,0.90634
2101,2023-05-09 01:12:48,0.90608,0.90635
2102,2023-05-09 01:13:00,0.90608,0.90635
2103,2023-05-09 01:13:01,0.90609,0.90636
2104,2023-05-09 01:13:12,0.9061,0.90637
2105,2023-05-09 01:13:14,0.90612,0.90639
2106,2023-05-09 01:13:15,0.90613,0.9064
2107,2023-05-09 01:13:21,0.90614,0.90641
2108,2023-05-09 01:13:22,0.9061,0.90637
2109,2023-05-09 01:13:22,0.90611,0.90638
2110,2023-05-09 01:13:24,0.90612,0.90639
2111,2023-05-09 01:13:24,0.90614,0.90641
2112,2023-05-09 01:13:24,0.90613,0.9064
2113,2023-05-09 01:13:27,0.90615,0.90642
2114,2023-05-09 01:13:27,0.90614,0.90641
2115,2023-05-09 01:13:31,0.90616,0.90643
2116,2023-05-09 01:13:32,0.90617,0.90644
2117,2023-05-09 01:13:32,0.90616,0.90643
2118,2023-05-09 01:13:37,0.90615,0.90642
2119,2023-05-09 01:13:39,0.90616,0.90643
2120,2023-05-09 01:13:41,0.90619,0.90646
2121,2023-05-09 01:13:41,0.90623,0.9065
2122,2023-05-09 01:13:42,0.90622,0.90649
2123,2023-05-09 01:13:43,0.90621,0.90648
2124,2023-05-09 01:13:43,0.9062,0.90647
2125,2023-05-09 01:13:45,0.90621,0.90648
2126,2023-05-09 01:13:46,0.90622,0.90649
2127,2023-05-09 01:13:46,0.90628,0.90655
2128,2023-05-09 01:13:48,0.90627,0.90654
2129,2023-05-09 01:13:49,0.90624,0.90651
2130,2023-05-09 01:13:50,0.90625,0.90652
2131,2023-05-09 01:13:52,0.90627,0.90654
2132,2023-05-09 01:13:53,0.90628,0.90655
2133,2023-05-09 01:13:56,0.9063,0.90657
2134,2023-05-09 01:14:00,0.90631,0.90658
2135,2023-05-09 01:14:02,0.90633,0.9066
2136,2023-05-09 01:14:04,0.90632,0.90659
2137,2023-05-09 01:14:05,0.90633,0.9066
2138,2023-05-09 01:14:06,0.90632,0.90659
2139,2023-05-09 01:14:08,0.90633,0.9066
2140,2023-05-09 01:14:09,0.90635,0.90662
2141,2023-05-09 01:14:10,0.90636,0.90663
2142,2023-05-09 01:14:10,0.90635,0.90662
2143,2023-05-09 01:14:10,0.90636,0.90663
2144,2023-05-09 01:14:10,0.90635,0.90662
2145,2023-05-09 01:14:11,0.90633,0.9066
2146,2023-05-09 01:14:13,0.90631,0.90658
2147,2023-05-09 01:14:13,0.90632,0.90659
2148,2023-05-09 01:14:18,0.90635,0.90662
2149,2023-05-09 01:14:18,0.90636,0.90663
2150,2023-05-09 01:14:20,0.90634,0.90661
2151,2023-05-09 01:14:20,0.90633,0.9066
2152,2023-05-09 01:14:21,0.90634,0.90661
2153,2023-05-09 01:14:25,0.90635,0.90662
2154,2023-05-09 01:14:25,0.90631,0.90658
2155,2023-05-09 01:14:26,0.90633,0.9066
2156,2023-05-09 01:14:28,0.90632,0.90659
2157,2023-05-09 01:14:29,0.90633,0.9066
2158,2023-05-09 01:14:31,0.90636,0.90663
2159,2023-05-09 01:14:32,0.90634,0.90661
2160,2023-05-09 01:14:32,0.90637,0.90664
2161,2023-05-09 01:14:44,0.90639,0.90666
2162,2023-05-09 01:14:44,0.90637,0.90664
2163,2023-05-09 01:14:45,0.90638,0.90665
2164,2023-05-09 01:14:45,0.90637,0.90664
2165,2023-05-09 01:14:45,0.90635,0.90662
2166,2023-05-09 01:14:55,0.90636,0.90663
2167,2023-05-09 01:14:55,0.90637,0.90664
2168,2023-05-09 01:14:56,0.90633,0.9066
2169,2023-05-09 01:14:56,0.90634,0.90661
2170,2023-05-09 01:14:57,0.90633,0.9066
2171,2023-05-09 01:15:00,0.90636,0.90663
2172,2023-05-09 01:15:00,0.90637,0.90664
2173,2023-05-09 01:15:00,0.90636,0.90663
2174,2023-05-09 01:15:02,0.90633,0.9066
2175,2023-05-09 01:15:02,0.90636,0.90663
2176,2023-05-09 01:15:04,0.90639,0.90666
2177,2023-05-09 01:15:05,0.9064,0.90667
2178,2023-05-09 01:15:07,0.90642,0.90669
2179,2023-05-09 01:15:08,0.90641,0.90668
2180,2023-05-09 01:15:10,0.90642,0.90669
2181,2023-05-09 01:15:12,0.90641,0.90668
2182,2023-05-09 01:15:12,0.90642,0.90669
2183,2023-05-09 01:15:13,0.90645,0.90672
2184,2023-05-09 01:15:13,0.90644,0.90671
2185,2023-05-09 01:15:14,0.90643,0.9067
2186,2023-05-09 01:15:14,0.90642,0.90669
2187,2023-05-09 01:15:15,0.90648,0.90675
2188,2023-05-09 01:15:15,0.90649,0.90676
2189,2023-05-09 01:15:21,0.90648,0.90675
2190,2023-05-09 01:15:21,0.90649,0.90676
2191,2023-05-09 01:15:22,0.90647,0.90674
2192,2023-05-09 01:15:23,0.90645,0.90672
2193,2023-05-09 01:15:24,0.90644,0.90671
2194,2023-05-09 01:15:25,0.90643,0.9067
2195,2023-05-09 01:15:27,0.90645,0.90672
2196,2023-05-09 01:15:28,0.90644,0.90671
2197,2023-05-09 01:15:30,0.90643,0.9067
2198,2023-05-09 01:15:30,0.90636,0.90663
2199,2023-05-09 01:15:31,0.9064,0.90667
2200,2023-05-09 01:15:35,0.90641,0.90668
2201,2023-05-09 01:15:36,0.9064,0.90667
2202,2023-05-09 01:15:37,0.90639,0.90666
2203,2023-05-09 01:15:38,0.90637,0.90664
2204,2023-05-09 01:15:39,0.90639,0.90666
2205,2023-05-09 01:15:41,0.90634,0.90661
2206,2023-05-09 01:15:45,0.90638,0.90665
2207,2023-05-09 01:15:46,0.90637,0.90664
2208,2023-05-09 01:15:47,0.90638,0.90665
2209,2023-05-09 01:15:48,0.90636,0.90663
2210,2023-05-09 01:15:48,0.90637,0.90664
2211,2023-05-09 01:15:50,0.90638,0.90665
2212,2023-05-09 01:15:52,0.90639,0.90666
2213,2023-05-09 01:15:54,0.9064,0.90667
2214,2023-05-09 01:15:55,0.90638,0.90665
2215,2023-05-09 01:15:55,0.90639,0.90666
2216,2023-05-09 01:15:56,0.90634,0.90661
2217,2023-05-09 01:15:57,0.90633,0.9066
2218,2023-05-09 01:16:00,0.90633,0.9066
2219,2023-05-09 01:16:01,0.90629,0.90656
2220,2023-05-09 01:16:01,0.90627,0.90654
2221,2023-05-09 01:16:03,0.90623,0.9065
2222,2023-05-09 01:16:04,0.90625,0.90652
2223,2023-05-09 01:16:05,0.90626,0.90653
2224,2023-05-09 01:16:06,0.90627,0.90654
2225,2023-05-09 01:16:08,0.9063,0.90657
2226,2023-05-09 01:16:11,0.90632,0.90659
2227,2023-05-09 01:16:12,0.9063,0.90657
2228,2023-05-09 01:16:13,0.90632,0.90659
2229,2023-05-09 01:16:14,0.90633,0.9066
2230,2023-05-09 01:16:14,0.90632,0.90659
2231,2023-05-09 01:16:16,0.90631,0.90658
2232,2023-05-09 01:16:17,0.90627,0.90654
2233,2023-05-09 01:16:19,0.90626,0.90653
2234,2023-05-09 01:16:19,0.90629,0.90656
2235,2023-05-09 01:16:21,0.90628,0.90655
2236,2023-05-09 01:16:21,0.90629,0.90656
2237,2023-05-09 01:16:21,0.90628,0.90655
2238,2023-05-09 01:16:22,0.90625,0.90652
2239,2023-05-09 01:16:22,0.90629,0.90656
2240,2023-05-09 01:16:25,0.90628,0.90655
2241,2023-05-09 01:16:26,0.90626,0.90653
2242,2023-05-09 01:16:27,0.90627,0.90654
2243,2023-05-09 01:16:27,0.90625,0.90652
2244,2023-05-09 01:16:29,0.90626,0.90653
2245,2023-05-09 01:16:30,0.90627,0.90654
2246,2023-05-09 01:16:32,0.90628,0.90655
2247,2023-05-09 01:16:33,0.90629,0.90656
2248,2023-05-09 01:16:35,0.9063,0.90657
2249,2023-05-09 01:16:39,0.90629,0.90656
2250,2023-05-09 01:16:43,0.90625,0.90652
2251,2023-05-09 01:16:44,0.90628,0.90655
2252,2023-05-09 01:16:44,0.90625,0.90652
2253,2023-05-09 01:16:47,0.90624,0.90651
2254,2023-05-09 01:16:47,0.90621,0.90648
2255,2023-05-09 01:16:47,0.90627,0.90654
2256,2023-05-09 01:16:48,0.90624,0.90651
2257,2023-05-09 01:16:49,0.90627,0.90654
2258,2023-05-09 01:16:52,0.90628,0.90655
2259,2023-05-09 01:16:53,0.90625,0.90652
2260,2023-05-09 01:16:55,0.90626,0.90653
2261,2023-05-09 01:16:56,0.90624,0.90651
2262,2023-05-09 01:16:57,0.90621,0.90648
2263,2023-05-09 01:16:59,0.9062,0.90647
2264,2023-05-09 01:17:00,0.9062,0.90647
2265,2023-05-09 01:17:00,0.90618,0.90645
2266,2023-05-09 01:17:01,0.90624,0.90651
2267,2023-05-09 01:17:03,0.90623,0.9065
2268,2023-05-09 01:17:04,0.90624,0.90651
2269,2023-05-09 01:17:10,0.90628,0.90655
2270,2023-05-09 01:17:11,0.90629,0.90656
2271,2023-05-09 01:17:14,0.90626,0.90653
2272,2023-05-09 01:17:14,0.90627,0.90654
2273,2023-05-09 01:17:16,0.90625,0.90652
2274,2023-05-09 01:17:17,0.90624,0.90651
2275,2023-05-09 01:17:17,0.90625,0.90652
2276,2023-05-09 01:17:21,0.90622,0.90649
2277,2023-05-09 01:17:22,0.90624,0.90651
2278,2023-05-09 01:17:24,0.90621,0.90648
2279,2023-05-09 01:17:25,0.90623,0.9065
2280,2023-05-09 01:17:28,0.90621,0.90648
2281,2023-05-09 01:17:28,0.9062,0.90647
2282,2023-05-09 01:17:28,0.90621,0.90648
2283,2023-05-09 01:17:30,0.90623,0.9065
2284,2023-05-09 01:17:30,0.90622,0.90649
2285,2023-05-09 01:17:31,0.90621,0.90648
2286,2023-05-09 01:17:32,0.90622,0.90649
2287,2023-05-09 01:17:33,0.90623,0.9065
2288,2023-05-09 01:17:36,0.90621,0.90648
2289,2023-05-09 01:17:37,0.9062,0.90647
2290,2023-05-09 01:17:37,0.90622,0.90649
2291,2023-05-09 01:17:38,0.90623,0.9065
2292,2023-05-09 01:17:40,0.90622,0.90649
2293,2023-05-09 01:17:41,0.9062,0.90647
2294,2023-05-09 01:17:42,0.90621,0.90648
2295,2023-05-09 01:17:42,0.90622,0.90649
2296,2023-05-09 01:17:43,0.9062,0.90647
2297,2023-05-09 01:17:44,0.90621,0.90648
2298,2023-05-09 01:17:46,0.9062,0.90647
2299,2023-05-09 01:17:47,0.90621,0.90648
2300,2023-05-09 01:17:48,0.90622,0.90649
2301,2023-05-09 01:17:50,0.9062,0.90647
2302,2023-05-09 01:17:52,0.90621,0.90648
2303,2023-05-09 01:17:53,0.90622,0.90649
2304,2023-05-09 01:17:56,0.90623,0.9065
2305,2023-05-09 01:17:58,0.90622,0.90649
2306,2023-05-09 01:17:58,0.90623,0.9065
2307,2023-05-09 01:17:59,0.90624,0.90651
2308,2023-05-09 01:18:00,0.90621,0.90648
2309,2023-05-09 01:18:01,0.90622,0.90649
2310,2023-05-09 01:18:02,0.90623,0.9065
2311,2023-05-09 01:18:05,0.90624,0.90651
2312,2023-05-09 01:18:06,0.90622,0.90649
2313,2023-05-09 01:18:06,0.90621,0.90648
2314,2023-05-09 01:18:09,0.90617,0.90644
2315,2023-05-09 01:18:09,0.90612,0.90639
2316,2023-05-09 01:18:10,0.90611,0.90638
2317,2023-05-09 01:18:13,0.90608,0.90635
2318,2023-05-09 01:18:14,0.90609,0.90636
2319,2023-05-09 01:18:15,0.9061,0.90637
2320,2023-05-09 01:18:17,0.90611,0.90638
2321,2023-05-09 01:18:18,0.90613,0.9064
2322,2023-05-09 01:18:19,0.90612,0.90639
2323,2023-05-09 01:18:24,0.90611,0.90638
2324,2023-05-09 01:18:26,0.90612,0.90639
2325,2023-05-09 01:18:29,0.90611,0.90638
2326,2023-05-09 01:18:30,0.90613,0.9064
2327,2023-05-09 01:18:34,0.90612,0.90639
2328,2023-05-09 01:18:34,0.90613,0.9064
2329,2023-05-09 01:18:39,0.90611,0.90638
2330,2023-05-09 01:18:40,0.90613,0.9064
2331,2023-05-09 01:18:40,0.90615,0.90642
2332,2023-05-09 01:18:41,0.90616,0.90643
2333,2023-05-09 01:18:47,0.90617,0.90644
2334,2023-05-09 01:18:49,0.90616,0.90643
2335,2023-05-09 01:18:57,0.90618,0.90645
2336,2023-05-09 01:19:00,0.90617,0.90644
2337,2023-05-09 01:19:00,0.90616,0.90643
2338,2023-05-09 01:19:01,0.90614,0.90641
2339,2023-05-09 01:19:04,0.90613,0.9064
2340,2023-05-09 01:19:04,0.90614,0.90641
2341,2023-05-09 01:19:04,0.90613,0.9064
2342,2023-05-09 01:19:05,0.90614,0.90641
2343,2023-05-09 01:19:06,0.90616,0.90643
2344,2023-05-09 01:19:06,0.90617,0.90644
2345,2023-05-09 01:19:09,0.90612,0.90639
2346,2023-05-09 01:19:09,0.90613,0.9064
2347,2023-05-09 01:19:10,0.90614,0.90641
2348,2023-05-09 01:19:11,0.90613,0.9064
2349,2023-05-09 01:19:13,0.90612,0.90639
2350,2023-05-09 01:19:14,0.90611,0.90638
2351,2023-05-09 01:19:16,0.90612,0.90639
2352,2023-05-09 01:19:16,0.9061,0.90637
2353,2023-05-09 01:19:17,0.90614,0.90641
2354,2023-05-09 01:19:18,0.90613,0.9064
2355,2023-05-09 01:19:19,0.90611,0.90638
2356,2023-05-09 01:19:21,0.90613,0.9064
2357,2023-05-09 01:19:21,0.90614,0.90641
2358,2023-05-09 01:19:22,0.90613,0.9064
2359,2023-05-09 01:19:25,0.90612,0.90639
2360,2023-05-09 01:19:26,0.90611,0.90638
2361,2023-05-09 01:19:29,0.90612,0.90639
2362,2023-05-09 01:19:30,0.90613,0.9064
2363,2023-05-09 01:19:36,0.9061,0.90637
2364,2023-05-09 01:19:40,0.90611,0.90638
2365,2023-05-09 01:19:41,0.90612,0.90639
2366,2023-05-09 01:19:48,0.90605,0.90632
2367,2023-05-09 01:19:49,0.90604,0.90631
2368,2023-05-09 01:19:50,0.90605,0.90632
2369,2023-05-09 01:19:51,0.90604,0.90631
2370,2023-05-09 01:19:52,0.90607,0.90634
2371,2023-05-09 01:19:53,0.90608,0.90635
2372,2023-05-09 01:19:54,0.90607,0.90634
2373,2023-05-09 01:19:55,0.90608,0.90635
2374,2023-05-09 01:20:00,0.90608,0.90635
2375,2023-05-09 01:20:03,0.90607,0.90634
2376,2023-05-09 01:20:04,0.90604,0.90631
2377,2023-05-09 01:20:05,0.90607,0.90634
2378,2023-05-09 01:20:05,0.90606,0.90633
2379,2023-05-09 01:20:06,0.90607,0.90634
2380,2023-05-09 01:20:06,0.90608,0.90635
2381,2023-05-09 01:20:09,0.90609,0.90636
2382,2023-05-09 01:20:12,0.9061,0.90637
2383,2023-05-09 01:20:13,0.90609,0.90636
2384,2023-05-09 01:20:17,0.90608,0.90635
2385,2023-05-09 01:20:19,0.90607,0.90634
2386,2023-05-09 01:20:19,0.90608,0.90635
2387,2023-05-09 01:20:20,0.90607,0.90634
2388,2023-05-09 01:20:20,0.90608,0.90635
2389,2023-05-09 01:20:22,0.90607,0.90634
2390,2023-05-09 01:20:25,0.90608,0.90635
2391,2023-05-09 01:20:26,0.90607,0.90634
2392,2023-05-09 01:20:33,0.90608,0.90635
2393,2023-05-09 01:20:33,0.90606,0.90633
2394,2023-05-09 01:20:34,0.90604,0.90631
2395,2023-05-09 01:20:34,0.90603,0.9063
2396,2023-05-09 01:20:35,0.90604,0.90631
2397,2023-05-09 01:20:36,0.90603,0.9063
2398,2023-05-09 01:20:37,0.90604,0.90631
2399,2023-05-09 01:20:41,0.90601,0.90628
2400,2023-05-09 01:20:41,0.906,0.90627
2401,2023-05-09 01:20:42,0.90599,0.90626
2402,2023-05-09 01:20:42,0.90598,0.90625
2403,2023-05-09 01:20:47,0.90597,0.90624
2404,2023-05-09 01:20:48,0.906,0.90627
2405,2023-05-09 01:20:48,0.90601,0.90628
2406,2023-05-09 01:20:52,0.90602,0.90629
2407,2023-05-09 01:20:56,0.90603,0.9063
2408,2023-05-09 01:20:56,0.90602,0.90629
2409,2023-05-09 01:20:57,0.90601,0.90628
2410,2023-05-09 01:20:59,0.90602,0.90629
2411,2023-05-09 01:21:00,0.90602,0.90629
2412,2023-05-09 01:21:00,0.90601,0.90628
2413,2023-05-09 01:21:00,0.90602,0.90629
2414,2023-05-09 01:21:00,0.90604,0.90631
2415,2023-05-09 01:21:10,0.90599,0.90626
2416,2023-05-09 01:21:10,0.906,0.90627
2417,2023-05-09 01:21:11,0.90597,0.90624
2418,2023-05-09 01:21:13,0.90598,0.90625
2419,2023-05-09 01:21:15,0.90594,0.90621
2420,2023-05-09 01:21:15,0.90595,0.90622
2421,2023-05-09 01:21:16,0.90594,0.90621
2422,2023-05-09 01:21:17,0.90595,0.90622
2423,2023-05-09 01:21:17,0.90596,0.90623
2424,2023-05-09 01:21:18,0.90595,0.90622
2425,2023-05-09 01:21:19,0.90597,0.90624
2426,2023-05-09 01:21:19,0.90596,0.90623
2427,2023-05-09 01:21:20,0.90595,0.90622
2428,2023-05-09 01:21:24,0.90596,0.90623
2429,2023-05-09 01:21:25,0.90595,0.90622
2430,2023-05-09 01:21:26,0.90594,0.90621
2431,2023-05-09 01:21:26,0.90595,0.90622
2432,2023-05-09 01:21:27,0.90594,0.90621
2433,2023-05-09 01:21:28,0.90595,0.90622
2434,2023-05-09 01:21:29,0.90594,0.90621
2435,2023-05-09 01:21:30,0.90595,0.90622
2436,2023-05-09 01:21:31,0.90596,0.90623
2437,2023-05-09 01:21:32,0.90595,0.90622
2438,2023-05-09 01:21:34,0.90597,0.90624
2439,2023-05-09 01:21:34,0.90595,0.90622
2440,2023-05-09 01:21:36,0.90596,0.90623
2441,2023-05-09 01:21:36,0.90595,0.90622
2442,2023-05-09 01:21:38,0.90596,0.90623
2443,2023-05-09 01:21:39,0.90595,0.90622
2444,2023-05-09 01:21:41,0.90594,0.90621
2445,2023-05-09 01:21:41,0.90595,0.90622
2446,2023-05-09 01:21:43,0.90597,0.90624
2447,2023-05-09 01:21:43,0.90594,0.90621
2448,2023-05-09 01:21:44,0.90595,0.90622
2449,2023-05-09 01:21:51,0.90594,0.90621
2450,2023-05-09 01:21:51,0.90593,0.9062
2451,2023-05-09 01:21:53,0.90594,0.90621
2452,2023-05-09 01:21:54,0.90597,0.90624
2453,2023-05-09 01:21:55,0.90596,0.90623
2454,2023-05-09 01:21:56,0.90594,0.90621
2455,2023-05-09 01:21:58,0.90595,0.90622
2456,2023-05-09 01:22:00,0.90595,0.90622
2457,2023-05-09 01:22:00,0.90594,0.90621
2458,2023-05-09 01:22:05,0.90595,0.90622
2459,2023-05-09 01:22:06,0.90594,0.90621
2460,2023-05-09 01:22:07,0.90593,0.9062
2461,2023-05-09 01:22:10,0.90594,0.90621
2462,2023-05-09 01:22:11,0.90598,0.90625
2463,2023-05-09 01:22:14,0.90597,0.90624
2464,2023-05-09 01:22:16,0.90594,0.90621
2465,2023-05-09 01:22:17,0.90593,0.9062
2466,2023-05-09 01:22:21,0.90592,0.90619
2467,2023-05-09 01:22:22,0.90593,0.9062
2468,2023-05-09 01:22:24,0.90594,0.90621
2469,2023-05-09 01:22:24,0.90595,0.90622
2470,2023-05-09 01:22:24,0.90596,0.90623
2471,2023-05-09 01:22:27,0.90597,0.90624
2472,2023-05-09 01:22:29,0.90598,0.90625
2473,2023-05-09 01:22:30,0.90599,0.90626
2474,2023-05-09 01:22:31,0.90598,0.90625
2475,2023-05-09 01:22:31,0.90594,0.90621
2476,2023-05-09 01:22:35,0.90593,0.9062
