,time,bid,ask
0,2023-05-09 00:00:00,91.586,91.607
1,2023-05-09 00:00:01,91.584,91.605
2,2023-05-09 00:00:01,91.583,91.604
3,2023-05-09 00:00:01,91.582,91.603
4,2023-05-09 00:00:01,91.584,91.605
5,2023-05-09 00:00:01,91.582,91.603
6,2023-05-09 00:00:02,91.581,91.602
7,2023-05-09 00:00:02,91.577,91.598
8,2023-05-09 00:00:03,91.576,91.597
9,2023-05-09 00:00:03,91.575,91.596
10,2023-05-09 00:00:04,91.573,91.594
11,2023-05-09 00:00:04,91.574,91.595
12,2023-05-09 00:00:04,91.575,91.596
13,2023-05-09 00:00:05,91.574,91.595
14,2023-05-09 00:00:06,91.575,91.596
15,2023-05-09 00:00:07,91.576,91.597
16,2023-05-09 00:00:08,91.575,91.596
17,2023-05-09 00:00:08,91.577,91.598
18,2023-05-09 00:00:09,91.58,91.601
19,2023-05-09 00:00:09,91.585,91.606
20,2023-05-09 00:00:10,91.584,91.605
21,2023-05-09 00:00:11,91.585,91.606
22,2023-05-09 00:00:11,91.588,91.609
23,2023-05-09 00:00:11,91.586,91.607
24,2023-05-09 00:00:12,91.583,91.604
25,2023-05-09 00:00:12,91.584,91.605
26,2023-05-09 00:00:12,91.588,91.609
27,2023-05-09 00:00:13,91.589,91.61
28,2023-05-09 00:00:13,91.588,91.609
29,2023-05-09 00:00:14,91.59,91.611
30,2023-05-09 00:00:15,91.589,91.61
31,2023-05-09 00:00:15,91.588,91.609
32,2023-05-09 00:00:16,91.591,91.612
33,2023-05-09 00:00:16,91.592,91.613
34,2023-05-09 00:00:16,91.593,91.614
35,2023-05-09 00:00:17,91.594,91.615
36,2023-05-09 00:00:17,91.593,91.614
37,2023-05-09 00:00:17,91.594,91.615
38,2023-05-09 00:00:19,91.593,91.614
39,2023-05-09 00:00:20,91.594,91.615
40,2023-05-09 00:00:22,91.595,91.616
41,2023-05-09 00:00:23,91.593,91.614
42,2023-05-09 00:00:25,91.594,91.615
43,2023-05-09 00:00:25,91.593,91.614
44,2023-05-09 00:00:26,91.591,91.612
45,2023-05-09 00:00:26,91.593,91.614
46,2023-05-09 00:00:28,91.594,91.615
47,2023-05-09 00:00:30,91.596,91.617
48,2023-05-09 00:00:30,91.598,91.619
49,2023-05-09 00:00:31,91.599,91.62
50,2023-05-09 00:00:31,91.598,91.619
51,2023-05-09 00:00:31,91.601,91.622
52,2023-05-09 00:00:32,91.609,91.63
53,2023-05-09 00:00:32,91.61,91.631
54,2023-05-09 00:00:33,91.609,91.63
55,2023-05-09 00:00:33,91.606,91.627
56,2023-05-09 00:00:36,91.604,91.625
57,2023-05-09 00:00:36,91.599,91.62
58,2023-05-09 00:00:36,91.6,91.621
59,2023-05-09 00:00:39,91.598,91.619
60,2023-05-09 00:00:40,91.599,91.62
61,2023-05-09 00:00:40,91.602,91.623
62,2023-05-09 00:00:41,91.604,91.625
63,2023-05-09 00:00:41,91.606,91.627
64,2023-05-09 00:00:41,91.6,91.621
65,2023-05-09 00:00:42,91.601,91.622
66,2023-05-09 00:00:42,91.6,91.621
67,2023-05-09 00:00:42,91.598,91.619
68,2023-05-09 00:00:42,91.591,91.612
69,2023-05-09 00:00:43,91.59,91.611
70,2023-05-09 00:00:44,91.587,91.608
71,2023-05-09 00:00:45,91.588,91.609
72,2023-05-09 00:00:45,91.589,91.61
73,2023-05-09 00:00:45,91.588,91.609
74,2023-05-09 00:00:46,91.586,91.607
75,2023-05-09 00:00:46,91.587,91.608
76,2023-05-09 00:00:46,91.59,91.611
77,2023-05-09 00:00:47,91.585,91.606
78,2023-05-09 00:00:47,91.591,91.612
79,2023-05-09 00:00:48,91.593,91.614
80,2023-05-09 00:00:48,91.591,91.612
81,2023-05-09 00:00:48,91.592,91.613
82,2023-05-09 00:00:49,91.59,91.611
83,2023-05-09 00:00:51,91.591,91.612
84,2023-05-09 00:00:51,91.593,91.614
85,2023-05-09 00:00:51,91.596,91.617
86,2023-05-09 00:00:52,91.597,91.618
87,2023-05-09 00:00:52,91.595,91.616
88,2023-05-09 00:00:52,91.597,91.618
89,2023-05-09 00:00:53,91.596,91.617
90,2023-05-09 00:00:53,91.597,91.618
91,2023-05-09 00:00:53,91.593,91.614
92,2023-05-09 00:00:54,91.594,91.615
93,2023-05-09 00:00:54,91.593,91.614
94,2023-05-09 00:00:55,91.596,91.617
95,2023-05-09 00:00:55,91.597,91.618
96,2023-05-09 00:00:55,91.599,91.62
97,2023-05-09 00:00:57,91.602,91.623
98,2023-05-09 00:00:57,91.604,91.625
99,2023-05-09 00:00:57,91.605,91.626
100,2023-05-09 00:00:59,91.606,91.627
101,2023-05-09 00:01:00,91.605,91.626
102,2023-05-09 00:01:00,91.609,91.63
103,2023-05-09 00:01:00,91.615,91.636
104,2023-05-09 00:01:00,91.616,91.637
105,2023-05-09 00:01:01,91.613,91.634
106,2023-05-09 00:01:01,91.608,91.629
107,2023-05-09 00:01:02,91.607,91.628
108,2023-05-09 00:01:02,91.608,91.629
109,2023-05-09 00:01:02,91.609,91.63
110,2023-05-09 00:01:03,91.608,91.629
111,2023-05-09 00:01:03,91.606,91.627
112,2023-05-09 00:01:03,91.61,91.631
113,2023-05-09 00:01:04,91.611,91.632
114,2023-05-09 00:01:05,91.613,91.634
115,2023-05-09 00:01:05,91.612,91.633
116,2023-05-09 00:01:06,91.615,91.636
117,2023-05-09 00:01:06,91.614,91.635
118,2023-05-09 00:01:09,91.613,91.634
119,2023-05-09 00:01:10,91.611,91.632
120,2023-05-09 00:01:10,91.616,91.637
121,2023-05-09 00:01:10,91.617,91.638
122,2023-05-09 00:01:11,91.613,91.634
123,2023-05-09 00:01:12,91.614,91.635
124,2023-05-09 00:01:13,91.616,91.637
125,2023-05-09 00:01:14,91.615,91.636
126,2023-05-09 00:01:14,91.616,91.637
127,2023-05-09 00:01:14,91.614,91.635
128,2023-05-09 00:01:16,91.616,91.637
129,2023-05-09 00:01:17,91.611,91.632
130,2023-05-09 00:01:17,91.612,91.633
131,2023-05-09 00:01:18,91.611,91.632
132,2023-05-09 00:01:19,91.61,91.631
133,2023-05-09 00:01:20,91.617,91.638
134,2023-05-09 00:01:20,91.621,91.642
135,2023-05-09 00:01:20,91.622,91.643
136,2023-05-09 00:01:21,91.623,91.644
137,2023-05-09 00:01:22,91.622,91.643
138,2023-05-09 00:01:22,91.618,91.639
139,2023-05-09 00:01:22,91.619,91.64
140,2023-05-09 00:01:22,91.62,91.641
141,2023-05-09 00:01:23,91.622,91.643
142,2023-05-09 00:01:24,91.623,91.644
143,2023-05-09 00:01:24,91.622,91.643
144,2023-05-09 00:01:24,91.623,91.644
145,2023-05-09 00:01:24,91.621,91.642
146,2023-05-09 00:01:25,91.622,91.643
147,2023-05-09 00:01:26,91.62,91.641
148,2023-05-09 00:01:27,91.621,91.642
149,2023-05-09 00:01:28,91.62,91.641
150,2023-05-09 00:01:29,91.619,91.64
151,2023-05-09 00:01:30,91.615,91.636
152,2023-05-09 00:01:30,91.617,91.638
153,2023-05-09 00:01:31,91.62,91.641
154,2023-05-09 00:01:31,91.623,91.644
155,2023-05-09 00:01:32,91.624,91.645
156,2023-05-09 00:01:32,91.619,91.64
157,2023-05-09 00:01:32,91.623,91.644
158,2023-05-09 00:01:32,91.625,91.646
159,2023-05-09 00:01:33,91.624,91.645
160,2023-05-09 00:01:34,91.625,91.646
161,2023-05-09 00:01:34,91.626,91.647
162,2023-05-09 00:01:35,91.625,91.646
163,2023-05-09 00:01:36,91.624,91.645
164,2023-05-09 00:01:41,91.615,91.636
165,2023-05-09 00:01:41,91.616,91.637
166,2023-05-09 00:01:42,91.617,91.638
167,2023-05-09 00:01:43,91.614,91.635
168,2023-05-09 00:01:43,91.615,91.636
169,2023-05-09 00:01:43,91.62,91.641
170,2023-05-09 00:01:45,91.615,91.636
171,2023-05-09 00:01:45,91.613,91.634
172,2023-05-09 00:01:45,91.612,91.633
173,2023-05-09 00:01:47,91.613,91.634
174,2023-05-09 00:01:47,91.612,91.633
175,2023-05-09 00:01:48,91.611,91.632
176,2023-05-09 00:01:48,91.604,91.625
177,2023-05-09 00:01:49,91.603,91.624
178,2023-05-09 00:01:49,91.605,91.626
179,2023-05-09 00:01:50,91.604,91.625
180,2023-05-09 00:01:50,91.602,91.623
181,2023-05-09 00:01:50,91.6,91.621
182,2023-05-09 00:01:50,91.596,91.617
183,2023-05-09 00:01:51,91.593,91.614
184,2023-05-09 00:01:51,91.592,91.613
185,2023-05-09 00:01:52,91.596,91.617
186,2023-05-09 00:01:52,91.595,91.616
187,2023-05-09 00:01:52,91.596,91.617
188,2023-05-09 00:01:53,91.592,91.613
189,2023-05-09 00:01:53,91.593,91.614
190,2023-05-09 00:01:53,91.589,91.61
191,2023-05-09 00:01:53,91.591,91.612
192,2023-05-09 00:01:54,91.59,91.611
193,2023-05-09 00:01:54,91.592,91.613
194,2023-05-09 00:01:55,91.591,91.612
195,2023-05-09 00:01:56,91.592,91.613
196,2023-05-09 00:01:58,91.593,91.614
197,2023-05-09 00:01:58,91.591,91.612
198,2023-05-09 00:01:59,91.592,91.613
199,2023-05-09 00:01:59,91.59,91.611
200,2023-05-09 00:02:00,91.589,91.61
201,2023-05-09 00:02:00,91.59,91.611
202,2023-05-09 00:02:01,91.589,91.61
203,2023-05-09 00:02:01,91.592,91.613
204,2023-05-09 00:02:01,91.593,91.614
205,2023-05-09 00:02:02,91.596,91.617
206,2023-05-09 00:02:03,91.597,91.618
207,2023-05-09 00:02:03,91.596,91.617
208,2023-05-09 00:02:03,91.592,91.613
209,2023-05-09 00:02:05,91.591,91.612
210,2023-05-09 00:02:06,91.592,91.613
211,2023-05-09 00:02:06,91.591,91.612
212,2023-05-09 00:02:06,91.592,91.613
213,2023-05-09 00:02:07,91.591,91.612
214,2023-05-09 00:02:09,91.592,91.613
215,2023-05-09 00:02:09,91.596,91.617
216,2023-05-09 00:02:09,91.594,91.615
217,2023-05-09 00:02:09,91.595,91.616
218,2023-05-09 00:02:11,91.596,91.617
219,2023-05-09 00:02:11,91.598,91.619
220,2023-05-09 00:02:12,91.599,91.62
221,2023-05-09 00:02:12,91.597,91.618
222,2023-05-09 00:02:14,91.595,91.616
223,2023-05-09 00:02:15,91.596,91.617
224,2023-05-09 00:02:15,91.598,91.619
225,2023-05-09 00:02:15,91.594,91.615
226,2023-05-09 00:02:15,91.593,91.614
227,2023-05-09 00:02:16,91.592,91.613
228,2023-05-09 00:02:16,91.591,91.612
229,2023-05-09 00:02:16,91.592,91.613
230,2023-05-09 00:02:16,91.591,91.612
231,2023-05-09 00:02:17,91.592,91.613
232,2023-05-09 00:02:18,91.594,91.615
233,2023-05-09 00:02:18,91.597,91.618
234,2023-05-09 00:02:19,91.596,91.617
235,2023-05-09 00:02:21,91.597,91.618
236,2023-05-09 00:02:21,91.599,91.62
237,2023-05-09 00:02:22,91.598,91.619
238,2023-05-09 00:02:24,91.595,91.616
239,2023-05-09 00:02:24,91.597,91.618
240,2023-05-09 00:02:25,91.596,91.617
241,2023-05-09 00:02:25,91.597,91.618
242,2023-05-09 00:02:26,91.596,91.617
243,2023-05-09 00:02:27,91.597,91.618
244,2023-05-09 00:02:28,91.596,91.617
245,2023-05-09 00:02:28,91.594,91.615
246,2023-05-09 00:02:29,91.592,91.613
247,2023-05-09 00:02:29,91.594,91.615
248,2023-05-09 00:02:29,91.595,91.616
249,2023-05-09 00:02:31,91.596,91.617
250,2023-05-09 00:02:31,91.597,91.618
251,2023-05-09 00:02:31,91.596,91.617
252,2023-05-09 00:02:33,91.595,91.616
253,2023-05-09 00:02:34,91.596,91.617
254,2023-05-09 00:02:34,91.595,91.616
255,2023-05-09 00:02:35,91.594,91.615
256,2023-05-09 00:02:36,91.595,91.616
257,2023-05-09 00:02:37,91.603,91.624
258,2023-05-09 00:02:37,91.605,91.626
259,2023-05-09 00:02:38,91.609,91.63
260,2023-05-09 00:02:38,91.606,91.627
261,2023-05-09 00:02:39,91.601,91.622
262,2023-05-09 00:02:39,91.598,91.619
263,2023-05-09 00:02:42,91.596,91.617
264,2023-05-09 00:02:42,91.595,91.616
265,2023-05-09 00:02:44,91.596,91.617
266,2023-05-09 00:02:44,91.6,91.621
267,2023-05-09 00:02:44,91.595,91.616
268,2023-05-09 00:02:46,91.593,91.614
269,2023-05-09 00:02:46,91.594,91.615
270,2023-05-09 00:02:47,91.592,91.613
271,2023-05-09 00:02:47,91.593,91.614
272,2023-05-09 00:02:47,91.592,91.613
273,2023-05-09 00:02:48,91.593,91.614
274,2023-05-09 00:02:50,91.592,91.613
275,2023-05-09 00:02:50,91.593,91.614
276,2023-05-09 00:02:51,91.592,91.613
277,2023-05-09 00:02:52,91.593,91.614
278,2023-05-09 00:02:53,91.589,91.61
279,2023-05-09 00:02:54,91.585,91.606
280,2023-05-09 00:02:54,91.581,91.602
281,2023-05-09 00:02:54,91.579,91.6
282,2023-05-09 00:02:55,91.58,91.601
283,2023-05-09 00:02:55,91.579,91.6
284,2023-05-09 00:02:56,91.578,91.599
285,2023-05-09 00:02:56,91.579,91.6
286,2023-05-09 00:02:57,91.58,91.601
287,2023-05-09 00:02:58,91.581,91.602
288,2023-05-09 00:02:59,91.582,91.603
289,2023-05-09 00:03:00,91.583,91.604
290,2023-05-09 00:03:00,91.587,91.608
291,2023-05-09 00:03:00,91.588,91.609
292,2023-05-09 00:03:01,91.587,91.608
293,2023-05-09 00:03:06,91.588,91.609
294,2023-05-09 00:03:09,91.592,91.613
295,2023-05-09 00:03:09,91.593,91.614
296,2023-05-09 00:03:10,91.592,91.613
297,2023-05-09 00:03:11,91.593,91.614
298,2023-05-09 00:03:12,91.592,91.613
299,2023-05-09 00:03:16,91.586,91.607
300,2023-05-09 00:03:16,91.587,91.608
301,2023-05-09 00:03:17,91.586,91.607
302,2023-05-09 00:03:21,91.585,91.606
303,2023-05-09 00:03:21,91.586,91.607
304,2023-05-09 00:03:21,91.583,91.604
305,2023-05-09 00:03:22,91.586,91.607
306,2023-05-09 00:03:23,91.585,91.606
307,2023-05-09 00:03:25,91.584,91.605
308,2023-05-09 00:03:25,91.585,91.606
309,2023-05-09 00:03:28,91.584,91.605
310,2023-05-09 00:03:29,91.585,91.606
311,2023-05-09 00:03:30,91.584,91.605
312,2023-05-09 00:03:31,91.585,91.606
313,2023-05-09 00:03:35,91.586,91.607
314,2023-05-09 00:03:35,91.59,91.611
315,2023-05-09 00:03:35,91.589,91.61
316,2023-05-09 00:03:36,91.587,91.608
317,2023-05-09 00:03:36,91.588,91.609
318,2023-05-09 00:03:36,91.587,91.608
319,2023-05-09 00:03:38,91.588,91.609
320,2023-05-09 00:03:39,91.587,91.608
321,2023-05-09 00:03:41,91.586,91.607
322,2023-05-09 00:03:42,91.585,91.606
323,2023-05-09 00:03:42,91.586,91.607
324,2023-05-09 00:03:43,91.587,91.608
325,2023-05-09 00:03:44,91.588,91.609
326,2023-05-09 00:03:44,91.591,91.612
327,2023-05-09 00:03:44,91.594,91.615
328,2023-05-09 00:03:45,91.596,91.617
329,2023-05-09 00:03:48,91.597,91.618
330,2023-05-09 00:03:49,91.596,91.617
331,2023-05-09 00:03:49,91.595,91.616
332,2023-05-09 00:03:50,91.592,91.613
333,2023-05-09 00:03:53,91.596,91.617
334,2023-05-09 00:03:53,91.601,91.622
335,2023-05-09 00:03:53,91.6,91.621
336,2023-05-09 00:03:55,91.598,91.619
337,2023-05-09 00:03:55,91.597,91.618
338,2023-05-09 00:03:55,91.596,91.617
339,2023-05-09 00:03:56,91.592,91.613
340,2023-05-09 00:03:56,91.591,91.612
341,2023-05-09 00:03:57,91.59,91.611
342,2023-05-09 00:03:58,91.587,91.608
343,2023-05-09 00:03:59,91.582,91.603
344,2023-05-09 00:03:59,91.584,91.605
345,2023-05-09 00:03:59,91.583,91.604
346,2023-05-09 00:04:00,91.584,91.605
347,2023-05-09 00:04:01,91.583,91.604
348,2023-05-09 00:04:02,91.587,91.608
349,2023-05-09 00:04:02,91.589,91.61
350,2023-05-09 00:04:03,91.593,91.614
351,2023-05-09 00:04:03,91.595,91.616
352,2023-05-09 00:04:04,91.59,91.611
353,2023-05-09 00:04:04,91.592,91.613
354,2023-05-09 00:04:04,91.591,91.612
355,2023-05-09 00:04:05,91.59,91.611
356,2023-05-09 00:04:05,91.589,91.61
357,2023-05-09 00:04:06,91.59,91.611
358,2023-05-09 00:04:11,91.591,91.612
359,2023-05-09 00:04:12,91.593,91.614
360,2023-05-09 00:04:12,91.595,91.616
361,2023-05-09 00:04:15,91.591,91.612
362,2023-05-09 00:04:15,91.59,91.611
363,2023-05-09 00:04:16,91.586,91.607
364,2023-05-09 00:04:16,91.584,91.605
365,2023-05-09 00:04:16,91.583,91.604
366,2023-05-09 00:04:18,91.584,91.605
367,2023-05-09 00:04:19,91.587,91.608
368,2023-05-09 00:04:19,91.585,91.606
369,2023-05-09 00:04:20,91.584,91.605
370,2023-05-09 00:04:21,91.589,91.61
371,2023-05-09 00:04:21,91.59,91.611
372,2023-05-09 00:04:22,91.591,91.612
373,2023-05-09 00:04:23,91.59,91.611
374,2023-05-09 00:04:23,91.589,91.61
375,2023-05-09 00:04:24,91.588,91.609
376,2023-05-09 00:04:24,91.587,91.608
377,2023-05-09 00:04:25,91.585,91.606
378,2023-05-09 00:04:25,91.584,91.605
379,2023-05-09 00:04:26,91.583,91.604
380,2023-05-09 00:04:27,91.585,91.606
381,2023-05-09 00:04:27,91.584,91.605
382,2023-05-09 00:04:27,91.586,91.607
383,2023-05-09 00:04:27,91.585,91.606
384,2023-05-09 00:04:29,91.583,91.604
385,2023-05-09 00:04:29,91.58,91.601
386,2023-05-09 00:04:30,91.582,91.603
387,2023-05-09 00:04:31,91.583,91.604
388,2023-05-09 00:04:31,91.585,91.606
389,2023-05-09 00:04:32,91.587,91.608
390,2023-05-09 00:04:32,91.586,91.607
391,2023-05-09 00:04:32,91.587,91.608
392,2023-05-09 00:04:34,91.588,91.609
393,2023-05-09 00:04:34,91.587,91.608
394,2023-05-09 00:04:38,91.586,91.607
395,2023-05-09 00:04:40,91.59,91.611
396,2023-05-09 00:04:41,91.595,91.616
397,2023-05-09 00:04:44,91.596,91.617
398,2023-05-09 00:04:45,91.595,91.616
399,2023-05-09 00:04:47,91.596,91.617
400,2023-05-09 00:04:47,91.601,91.622
401,2023-05-09 00:04:47,91.602,91.623
402,2023-05-09 00:04:47,91.597,91.618
403,2023-05-09 00:04:48,91.598,91.619
404,2023-05-09 00:04:48,91.596,91.617
405,2023-05-09 00:04:49,91.597,91.618
406,2023-05-09 00:04:53,91.606,91.627
407,2023-05-09 00:04:53,91.61,91.631
408,2023-05-09 00:04:54,91.611,91.632
409,2023-05-09 00:04:54,91.618,91.639
410,2023-05-09 00:04:57,91.621,91.642
411,2023-05-09 00:04:58,91.62,91.641
412,2023-05-09 00:04:59,91.619,91.64
413,2023-05-09 00:05:00,91.619,91.64
414,2023-05-09 00:05:01,91.622,91.643
415,2023-05-09 00:05:02,91.624,91.645
416,2023-05-09 00:05:05,91.62,91.641
417,2023-05-09 00:05:06,91.619,91.64
418,2023-05-09 00:05:06,91.622,91.643
419,2023-05-09 00:05:07,91.621,91.642
420,2023-05-09 00:05:07,91.623,91.644
421,2023-05-09 00:05:07,91.622,91.643
422,2023-05-09 00:05:08,91.623,91.644
423,2023-05-09 00:05:08,91.622,91.643
424,2023-05-09 00:05:09,91.621,91.642
425,2023-05-09 00:05:09,91.62,91.641
426,2023-05-09 00:05:09,91.619,91.64
427,2023-05-09 00:05:10,91.62,91.641
428,2023-05-09 00:05:10,91.619,91.64
429,2023-05-09 00:05:10,91.62,91.641
430,2023-05-09 00:05:11,91.619,91.64
431,2023-05-09 00:05:11,91.622,91.643
432,2023-05-09 00:05:11,91.623,91.644
433,2023-05-09 00:05:11,91.622,91.643
434,2023-05-09 00:05:12,91.623,91.644
435,2023-05-09 00:05:12,91.624,91.645
436,2023-05-09 00:05:12,91.623,91.644
437,2023-05-09 00:05:13,91.624,91.645
438,2023-05-09 00:05:14,91.623,91.644
439,2023-05-09 00:05:14,91.624,91.645
440,2023-05-09 00:05:14,91.623,91.644
441,2023-05-09 00:05:14,91.624,91.645
442,2023-05-09 00:05:15,91.623,91.644
443,2023-05-09 00:05:15,91.624,91.645
444,2023-05-09 00:05:15,91.623,91.644
445,2023-05-09 00:05:15,91.624,91.645
446,2023-05-09 00:05:16,91.623,91.644
447,2023-05-09 00:05:17,91.628,91.649
448,2023-05-09 00:05:17,91.63,91.651
449,2023-05-09 00:05:17,91.629,91.65
450,2023-05-09 00:05:17,91.63,91.651
451,2023-05-09 00:05:18,91.631,91.652
452,2023-05-09 00:05:18,91.645,91.666
453,2023-05-09 00:05:18,91.646,91.667
454,2023-05-09 00:05:19,91.647,91.668
455,2023-05-09 00:05:19,91.654,91.675
456,2023-05-09 00:05:20,91.658,91.679
457,2023-05-09 00:05:20,91.657,91.678
458,2023-05-09 00:05:20,91.658,91.679
459,2023-05-09 00:05:22,91.656,91.677
460,2023-05-09 00:05:25,91.651,91.672
461,2023-05-09 00:05:26,91.649,91.67
462,2023-05-09 00:05:26,91.653,91.674
463,2023-05-09 00:05:27,91.655,91.676
464,2023-05-09 00:05:27,91.656,91.677
465,2023-05-09 00:05:27,91.66,91.681
466,2023-05-09 00:05:27,91.659,91.68
467,2023-05-09 00:05:28,91.656,91.677
468,2023-05-09 00:05:29,91.658,91.679
469,2023-05-09 00:05:30,91.66,91.681
470,2023-05-09 00:05:30,91.663,91.684
471,2023-05-09 00:05:31,91.664,91.685
472,2023-05-09 00:05:32,91.667,91.688
473,2023-05-09 00:05:32,91.67,91.691
474,2023-05-09 00:05:32,91.669,91.69
475,2023-05-09 00:05:33,91.668,91.689
476,2023-05-09 00:05:33,91.667,91.688
477,2023-05-09 00:05:37,91.666,91.687
478,2023-05-09 00:05:38,91.667,91.688
479,2023-05-09 00:05:38,91.666,91.687
480,2023-05-09 00:05:38,91.668,91.689
481,2023-05-09 00:05:39,91.669,91.69
482,2023-05-09 00:05:39,91.668,91.689
483,2023-05-09 00:05:39,91.665,91.686
484,2023-05-09 00:05:40,91.666,91.687
485,2023-05-09 00:05:41,91.664,91.685
486,2023-05-09 00:05:41,91.665,91.686
487,2023-05-09 00:05:41,91.666,91.687
488,2023-05-09 00:05:41,91.664,91.685
489,2023-05-09 00:05:42,91.665,91.686
490,2023-05-09 00:05:42,91.666,91.687
491,2023-05-09 00:05:43,91.665,91.686
492,2023-05-09 00:05:44,91.662,91.683
493,2023-05-09 00:05:45,91.663,91.684
494,2023-05-09 00:05:46,91.662,91.683
495,2023-05-09 00:05:46,91.663,91.684
496,2023-05-09 00:05:47,91.662,91.683
497,2023-05-09 00:05:47,91.663,91.684
498,2023-05-09 00:05:47,91.662,91.683
499,2023-05-09 00:05:47,91.656,91.677
500,2023-05-09 00:05:48,91.654,91.675
501,2023-05-09 00:05:48,91.652,91.673
502,2023-05-09 00:05:50,91.65,91.671
503,2023-05-09 00:05:50,91.651,91.672
504,2023-05-09 00:05:50,91.65,91.671
505,2023-05-09 00:05:51,91.653,91.674
506,2023-05-09 00:05:51,91.652,91.673
507,2023-05-09 00:05:52,91.653,91.674
508,2023-05-09 00:05:52,91.654,91.675
509,2023-05-09 00:05:53,91.653,91.674
510,2023-05-09 00:05:53,91.654,91.675
511,2023-05-09 00:05:53,91.656,91.677
512,2023-05-09 00:05:55,91.657,91.678
513,2023-05-09 00:05:56,91.658,91.679
514,2023-05-09 00:06:00,91.658,91.679
515,2023-05-09 00:06:01,91.66,91.681
516,2023-05-09 00:06:06,91.658,91.679
517,2023-05-09 00:06:09,91.661,91.682
518,2023-05-09 00:06:09,91.663,91.684
519,2023-05-09 00:06:09,91.662,91.683
520,2023-05-09 00:06:10,91.663,91.684
521,2023-05-09 00:06:11,91.662,91.683
522,2023-05-09 00:06:11,91.663,91.684
523,2023-05-09 00:06:12,91.662,91.683
524,2023-05-09 00:06:13,91.664,91.685
525,2023-05-09 00:06:14,91.665,91.686
526,2023-05-09 00:06:14,91.659,91.68
527,2023-05-09 00:06:22,91.656,91.677
528,2023-05-09 00:06:22,91.655,91.676
529,2023-05-09 00:06:22,91.656,91.677
530,2023-05-09 00:06:25,91.657,91.678
531,2023-05-09 00:06:29,91.658,91.679
532,2023-05-09 00:06:30,91.657,91.678
533,2023-05-09 00:06:31,91.658,91.679
534,2023-05-09 00:06:32,91.657,91.678
535,2023-05-09 00:06:32,91.656,91.677
536,2023-05-09 00:06:32,91.657,91.678
537,2023-05-09 00:06:33,91.656,91.677
538,2023-05-09 00:06:33,91.655,91.676
539,2023-05-09 00:06:38,91.654,91.675
540,2023-05-09 00:06:39,91.651,91.672
541,2023-05-09 00:06:40,91.648,91.669
542,2023-05-09 00:06:40,91.651,91.672
543,2023-05-09 00:06:40,91.649,91.67
544,2023-05-09 00:06:42,91.647,91.668
545,2023-05-09 00:06:46,91.648,91.669
546,2023-05-09 00:06:46,91.649,91.67
547,2023-05-09 00:06:50,91.648,91.669
548,2023-05-09 00:06:51,91.652,91.673
549,2023-05-09 00:06:51,91.65,91.671
550,2023-05-09 00:06:51,91.651,91.672
551,2023-05-09 00:06:56,91.655,91.676
552,2023-05-09 00:06:57,91.654,91.675
553,2023-05-09 00:06:57,91.653,91.674
554,2023-05-09 00:06:58,91.647,91.668
555,2023-05-09 00:06:58,91.651,91.672
556,2023-05-09 00:06:59,91.657,91.678
557,2023-05-09 00:06:59,91.656,91.677
558,2023-05-09 00:07:00,91.657,91.678
559,2023-05-09 00:07:00,91.658,91.679
560,2023-05-09 00:07:02,91.66,91.681
561,2023-05-09 00:07:02,91.658,91.679
562,2023-05-09 00:07:04,91.661,91.682
563,2023-05-09 00:07:06,91.662,91.683
564,2023-05-09 00:07:06,91.663,91.684
565,2023-05-09 00:07:07,91.661,91.682
566,2023-05-09 00:07:10,91.66,91.681
567,2023-05-09 00:07:10,91.656,91.677
568,2023-05-09 00:07:11,91.657,91.678
569,2023-05-09 00:07:12,91.66,91.681
570,2023-05-09 00:07:12,91.658,91.679
571,2023-05-09 00:07:12,91.659,91.68
572,2023-05-09 00:07:12,91.658,91.679
573,2023-05-09 00:07:13,91.657,91.678
574,2023-05-09 00:07:15,91.658,91.679
575,2023-05-09 00:07:15,91.66,91.681
576,2023-05-09 00:07:16,91.662,91.683
577,2023-05-09 00:07:16,91.658,91.679
578,2023-05-09 00:07:16,91.657,91.678
579,2023-05-09 00:07:17,91.658,91.679
580,2023-05-09 00:07:18,91.657,91.678
581,2023-05-09 00:07:19,91.658,91.679
582,2023-05-09 00:07:20,91.659,91.68
583,2023-05-09 00:07:20,91.661,91.682
584,2023-05-09 00:07:21,91.66,91.681
585,2023-05-09 00:07:21,91.661,91.682
586,2023-05-09 00:07:22,91.66,91.681
587,2023-05-09 00:07:24,91.661,91.682
588,2023-05-09 00:07:25,91.659,91.68
589,2023-05-09 00:07:26,91.66,91.681
590,2023-05-09 00:07:26,91.661,91.682
591,2023-05-09 00:07:28,91.66,91.681
592,2023-05-09 00:07:29,91.662,91.683
593,2023-05-09 00:07:31,91.665,91.686
594,2023-05-09 00:07:32,91.663,91.684
595,2023-05-09 00:07:33,91.664,91.685
596,2023-05-09 00:07:33,91.665,91.686
597,2023-05-09 00:07:33,91.666,91.687
598,2023-05-09 00:07:34,91.668,91.689
599,2023-05-09 00:07:34,91.669,91.69
600,2023-05-09 00:07:36,91.672,91.693
601,2023-05-09 00:07:36,91.674,91.695
602,2023-05-09 00:07:40,91.669,91.69
603,2023-05-09 00:07:41,91.666,91.687
604,2023-05-09 00:07:42,91.665,91.686
605,2023-05-09 00:07:42,91.666,91.687
606,2023-05-09 00:07:44,91.667,91.688
607,2023-05-09 00:07:45,91.665,91.686
608,2023-05-09 00:07:45,91.666,91.687
609,2023-05-09 00:07:46,91.669,91.69
610,2023-05-09 00:07:46,91.672,91.693
611,2023-05-09 00:07:47,91.671,91.692
612,2023-05-09 00:07:47,91.672,91.693
613,2023-05-09 00:07:47,91.671,91.692
614,2023-05-09 00:07:47,91.672,91.693
615,2023-05-09 00:07:48,91.67,91.691
616,2023-05-09 00:07:52,91.669,91.69
617,2023-05-09 00:07:52,91.667,91.688
618,2023-05-09 00:07:53,91.668,91.689
619,2023-05-09 00:07:53,91.669,91.69
620,2023-05-09 00:07:54,91.67,91.691
621,2023-05-09 00:07:54,91.671,91.692
622,2023-05-09 00:07:55,91.673,91.694
623,2023-05-09 00:07:55,91.672,91.693
624,2023-05-09 00:07:55,91.671,91.692
625,2023-05-09 00:07:55,91.673,91.694
626,2023-05-09 00:07:56,91.671,91.692
627,2023-05-09 00:07:57,91.67,91.691
628,2023-05-09 00:07:58,91.669,91.69
629,2023-05-09 00:08:00,91.669,91.69
630,2023-05-09 00:08:01,91.668,91.689
631,2023-05-09 00:08:01,91.673,91.694
632,2023-05-09 00:08:02,91.674,91.695
633,2023-05-09 00:08:03,91.673,91.694
634,2023-05-09 00:08:03,91.672,91.693
635,2023-05-09 00:08:04,91.674,91.695
636,2023-05-09 00:08:04,91.675,91.696
637,2023-05-09 00:08:04,91.674,91.695
638,2023-05-09 00:08:05,91.675,91.696
639,2023-05-09 00:08:05,91.673,91.694
640,2023-05-09 00:08:05,91.674,91.695
641,2023-05-09 00:08:06,91.673,91.694
642,2023-05-09 00:08:06,91.674,91.695
643,2023-05-09 00:08:11,91.675,91.696
644,2023-05-09 00:08:12,91.674,91.695
645,2023-05-09 00:08:13,91.67,91.691
646,2023-05-09 00:08:14,91.669,91.69
647,2023-05-09 00:08:16,91.668,91.689
648,2023-05-09 00:08:16,91.669,91.69
649,2023-05-09 00:08:17,91.671,91.692
650,2023-05-09 00:08:17,91.672,91.693
651,2023-05-09 00:08:17,91.673,91.694
652,2023-05-09 00:08:19,91.675,91.696
653,2023-05-09 00:08:19,91.676,91.697
654,2023-05-09 00:08:20,91.679,91.7
655,2023-05-09 00:08:20,91.68,91.701
656,2023-05-09 00:08:21,91.681,91.702
657,2023-05-09 00:08:22,91.683,91.704
658,2023-05-09 00:08:23,91.682,91.703
659,2023-05-09 00:08:24,91.683,91.704
660,2023-05-09 00:08:27,91.681,91.702
661,2023-05-09 00:08:32,91.68,91.701
662,2023-05-09 00:08:32,91.676,91.697
663,2023-05-09 00:08:32,91.677,91.698
664,2023-05-09 00:08:33,91.676,91.697
665,2023-05-09 00:08:34,91.678,91.699
666,2023-05-09 00:08:34,91.679,91.7
667,2023-05-09 00:08:37,91.676,91.697
668,2023-05-09 00:08:41,91.678,91.699
669,2023-05-09 00:08:42,91.677,91.698
670,2023-05-09 00:08:43,91.676,91.697
671,2023-05-09 00:08:43,91.677,91.698
672,2023-05-09 00:08:44,91.679,91.7
673,2023-05-09 00:08:44,91.68,91.701
674,2023-05-09 00:08:46,91.682,91.703
675,2023-05-09 00:08:47,91.68,91.701
676,2023-05-09 00:08:58,91.681,91.702
677,2023-05-09 00:08:59,91.688,91.709
678,2023-05-09 00:08:59,91.684,91.705
679,2023-05-09 00:08:59,91.686,91.707
680,2023-05-09 00:08:59,91.687,91.708
681,2023-05-09 00:09:00,91.686,91.707
682,2023-05-09 00:09:01,91.687,91.708
683,2023-05-09 00:09:01,91.686,91.707
684,2023-05-09 00:09:02,91.687,91.708
685,2023-05-09 00:09:02,91.691,91.712
686,2023-05-09 00:09:03,91.685,91.706
687,2023-05-09 00:09:03,91.687,91.708
688,2023-05-09 00:09:03,91.689,91.71
689,2023-05-09 00:09:03,91.688,91.709
690,2023-05-09 00:09:04,91.687,91.708
691,2023-05-09 00:09:05,91.688,91.709
692,2023-05-09 00:09:06,91.687,91.708
693,2023-05-09 00:09:07,91.69,91.711
694,2023-05-09 00:09:07,91.686,91.707
695,2023-05-09 00:09:07,91.687,91.708
696,2023-05-09 00:09:08,91.688,91.709
697,2023-05-09 00:09:09,91.689,91.71
698,2023-05-09 00:09:11,91.687,91.708
699,2023-05-09 00:09:12,91.685,91.706
700,2023-05-09 00:09:14,91.684,91.705
701,2023-05-09 00:09:15,91.685,91.706
702,2023-05-09 00:09:15,91.691,91.712
703,2023-05-09 00:09:15,91.692,91.713
704,2023-05-09 00:09:16,91.696,91.717
705,2023-05-09 00:09:16,91.697,91.718
706,2023-05-09 00:09:17,91.694,91.715
707,2023-05-09 00:09:17,91.692,91.713
708,2023-05-09 00:09:19,91.693,91.714
709,2023-05-09 00:09:19,91.692,91.713
710,2023-05-09 00:09:19,91.693,91.714
711,2023-05-09 00:09:21,91.695,91.716
712,2023-05-09 00:09:22,91.697,91.718
713,2023-05-09 00:09:28,91.696,91.717
714,2023-05-09 00:09:28,91.695,91.716
715,2023-05-09 00:09:33,91.694,91.715
716,2023-05-09 00:09:33,91.692,91.713
717,2023-05-09 00:09:34,91.691,91.712
718,2023-05-09 00:09:37,91.692,91.713
719,2023-05-09 00:09:38,91.689,91.71
720,2023-05-09 00:09:39,91.686,91.707
721,2023-05-09 00:09:39,91.684,91.705
722,2023-05-09 00:09:40,91.685,91.706
723,2023-05-09 00:09:40,91.684,91.705
724,2023-05-09 00:09:41,91.685,91.706
725,2023-05-09 00:09:42,91.686,91.707
726,2023-05-09 00:09:43,91.685,91.706
727,2023-05-09 00:09:44,91.686,91.707
728,2023-05-09 00:09:44,91.687,91.708
729,2023-05-09 00:09:45,91.686,91.707
730,2023-05-09 00:09:46,91.687,91.708
731,2023-05-09 00:09:50,91.685,91.706
732,2023-05-09 00:09:52,91.686,91.707
733,2023-05-09 00:09:52,91.689,91.71
734,2023-05-09 00:09:54,91.69,91.711
735,2023-05-09 00:09:54,91.688,91.709
736,2023-05-09 00:09:55,91.687,91.708
737,2023-05-09 00:09:56,91.686,91.707
738,2023-05-09 00:09:56,91.687,91.708
739,2023-05-09 00:09:57,91.683,91.704
740,2023-05-09 00:09:58,91.684,91.705
741,2023-05-09 00:09:58,91.685,91.706
742,2023-05-09 00:09:58,91.684,91.705
743,2023-05-09 00:09:59,91.685,91.706
744,2023-05-09 00:10:00,91.685,91.706
745,2023-05-09 00:10:00,91.687,91.708
746,2023-05-09 00:10:00,91.688,91.709
747,2023-05-09 00:10:02,91.687,91.708
748,2023-05-09 00:10:05,91.686,91.707
749,2023-05-09 00:10:05,91.687,91.708
750,2023-05-09 00:10:06,91.686,91.707
751,2023-05-09 00:10:10,91.685,91.706
752,2023-05-09 00:10:14,91.688,91.709
753,2023-05-09 00:10:14,91.689,91.71
754,2023-05-09 00:10:15,91.687,91.708
755,2023-05-09 00:10:16,91.686,91.707
756,2023-05-09 00:10:21,91.682,91.703
757,2023-05-09 00:10:22,91.681,91.702
758,2023-05-09 00:10:22,91.682,91.703
759,2023-05-09 00:10:23,91.681,91.702
760,2023-05-09 00:10:23,91.682,91.703
761,2023-05-09 00:10:23,91.681,91.702
762,2023-05-09 00:10:24,91.68,91.701
763,2023-05-09 00:10:26,91.679,91.7
764,2023-05-09 00:10:26,91.68,91.701
765,2023-05-09 00:10:28,91.679,91.7
766,2023-05-09 00:10:29,91.677,91.698
767,2023-05-09 00:10:29,91.675,91.696
768,2023-05-09 00:10:32,91.673,91.694
769,2023-05-09 00:10:32,91.678,91.699
770,2023-05-09 00:10:33,91.679,91.7
771,2023-05-09 00:10:34,91.68,91.701
772,2023-05-09 00:10:35,91.679,91.7
773,2023-05-09 00:10:37,91.683,91.704
774,2023-05-09 00:10:37,91.684,91.705
775,2023-05-09 00:10:40,91.681,91.702
776,2023-05-09 00:10:40,91.683,91.704
777,2023-05-09 00:10:40,91.681,91.702
778,2023-05-09 00:10:40,91.68,91.701
779,2023-05-09 00:10:41,91.681,91.702
780,2023-05-09 00:10:41,91.682,91.703
781,2023-05-09 00:10:42,91.684,91.705
782,2023-05-09 00:10:44,91.683,91.704
783,2023-05-09 00:10:46,91.682,91.703
784,2023-05-09 00:10:47,91.683,91.704
785,2023-05-09 00:10:48,91.681,91.702
786,2023-05-09 00:10:48,91.679,91.7
787,2023-05-09 00:10:49,91.682,91.703
788,2023-05-09 00:10:53,91.683,91.704
789,2023-05-09 00:10:54,91.685,91.706
790,2023-05-09 00:10:54,91.686,91.707
791,2023-05-09 00:10:55,91.688,91.709
792,2023-05-09 00:10:56,91.687,91.708
793,2023-05-09 00:10:57,91.686,91.707
794,2023-05-09 00:10:58,91.688,91.709
795,2023-05-09 00:10:58,91.689,91.71
796,2023-05-09 00:10:58,91.691,91.712
797,2023-05-09 00:11:00,91.691,91.712
798,2023-05-09 00:11:00,91.69,91.711
799,2023-05-09 00:11:00,91.688,91.709
800,2023-05-09 00:11:03,91.689,91.71
801,2023-05-09 00:11:03,91.69,91.711
802,2023-05-09 00:11:05,91.691,91.712
803,2023-05-09 00:11:05,91.69,91.711
804,2023-05-09 00:11:10,91.688,91.709
805,2023-05-09 00:11:11,91.691,91.712
806,2023-05-09 00:11:11,91.692,91.713
807,2023-05-09 00:11:12,91.691,91.712
808,2023-05-09 00:11:13,91.69,91.711
809,2023-05-09 00:11:16,91.686,91.707
810,2023-05-09 00:11:17,91.687,91.708
811,2023-05-09 00:11:22,91.686,91.707
812,2023-05-09 00:11:23,91.688,91.709
813,2023-05-09 00:11:24,91.689,91.71
814,2023-05-09 00:11:26,91.69,91.711
815,2023-05-09 00:11:27,91.689,91.71
816,2023-05-09 00:11:27,91.69,91.711
817,2023-05-09 00:11:30,91.689,91.71
818,2023-05-09 00:11:37,91.691,91.712
819,2023-05-09 00:11:37,91.688,91.709
820,2023-05-09 00:11:37,91.692,91.713
821,2023-05-09 00:11:38,91.695,91.716
822,2023-05-09 00:11:40,91.696,91.717
823,2023-05-09 00:11:42,91.697,91.718
824,2023-05-09 00:11:44,91.699,91.72
825,2023-05-09 00:11:44,91.7,91.721
826,2023-05-09 00:11:45,91.699,91.72
827,2023-05-09 00:11:45,91.697,91.718
828,2023-05-09 00:11:46,91.699,91.72
829,2023-05-09 00:11:46,91.7,91.721
830,2023-05-09 00:11:50,91.701,91.722
831,2023-05-09 00:11:52,91.703,91.724
832,2023-05-09 00:11:53,91.702,91.723
833,2023-05-09 00:11:58,91.706,91.727
834,2023-05-09 00:11:59,91.705,91.726
835,2023-05-09 00:12:00,91.705,91.726
836,2023-05-09 00:12:00,91.704,91.725
837,2023-05-09 00:12:00,91.7,91.721
838,2023-05-09 00:12:01,91.696,91.717
839,2023-05-09 00:12:01,91.692,91.713
840,2023-05-09 00:12:02,91.693,91.714
841,2023-05-09 00:12:02,91.692,91.713
842,2023-05-09 00:12:03,91.693,91.714
843,2023-05-09 00:12:03,91.696,91.717
844,2023-05-09 00:12:03,91.698,91.719
845,2023-05-09 00:12:04,91.699,91.72
846,2023-05-09 00:12:06,91.698,91.719
847,2023-05-09 00:12:07,91.699,91.72
848,2023-05-09 00:12:07,91.701,91.722
849,2023-05-09 00:12:08,91.703,91.724
850,2023-05-09 00:12:11,91.7,91.721
851,2023-05-09 00:12:11,91.702,91.723
852,2023-05-09 00:12:17,91.703,91.724
853,2023-05-09 00:12:18,91.702,91.723
854,2023-05-09 00:12:20,91.706,91.727
855,2023-05-09 00:12:26,91.707,91.728
856,2023-05-09 00:12:27,91.704,91.725
857,2023-05-09 00:12:29,91.703,91.724
858,2023-05-09 00:12:31,91.7,91.721
859,2023-05-09 00:12:33,91.701,91.722
860,2023-05-09 00:12:36,91.703,91.724
861,2023-05-09 00:12:36,91.702,91.723
862,2023-05-09 00:12:39,91.701,91.722
863,2023-05-09 00:12:40,91.699,91.72
864,2023-05-09 00:12:40,91.701,91.722
865,2023-05-09 00:12:44,91.702,91.723
866,2023-05-09 00:12:44,91.703,91.724
867,2023-05-09 00:12:45,91.705,91.726
868,2023-05-09 00:12:45,91.706,91.727
869,2023-05-09 00:12:46,91.703,91.724
870,2023-05-09 00:12:48,91.702,91.723
871,2023-05-09 00:12:49,91.701,91.722
872,2023-05-09 00:12:49,91.702,91.723
873,2023-05-09 00:12:49,91.701,91.722
874,2023-05-09 00:12:51,91.702,91.723
875,2023-05-09 00:12:52,91.706,91.727
876,2023-05-09 00:12:52,91.705,91.726
877,2023-05-09 00:12:52,91.707,91.728
878,2023-05-09 00:12:54,91.708,91.729
879,2023-05-09 00:12:55,91.711,91.732
880,2023-05-09 00:12:55,91.709,91.73
881,2023-05-09 00:12:57,91.71,91.731
882,2023-05-09 00:12:58,91.711,91.732
883,2023-05-09 00:12:59,91.709,91.73
884,2023-05-09 00:12:59,91.711,91.732
885,2023-05-09 00:13:00,91.711,91.732
886,2023-05-09 00:13:00,91.713,91.734
887,2023-05-09 00:13:02,91.714,91.735
888,2023-05-09 00:13:03,91.715,91.736
889,2023-05-09 00:13:04,91.714,91.735
890,2023-05-09 00:13:05,91.713,91.734
891,2023-05-09 00:13:05,91.711,91.732
892,2023-05-09 00:13:06,91.715,91.736
893,2023-05-09 00:13:08,91.716,91.737
894,2023-05-09 00:13:08,91.714,91.735
895,2023-05-09 00:13:08,91.715,91.736
896,2023-05-09 00:13:08,91.714,91.735
897,2023-05-09 00:13:09,91.715,91.736
898,2023-05-09 00:13:11,91.716,91.737
899,2023-05-09 00:13:11,91.72,91.741
900,2023-05-09 00:13:11,91.717,91.738
901,2023-05-09 00:13:12,91.716,91.737
902,2023-05-09 00:13:12,91.717,91.738
903,2023-05-09 00:13:13,91.716,91.737
904,2023-05-09 00:13:14,91.714,91.735
905,2023-05-09 00:13:16,91.715,91.736
906,2023-05-09 00:13:16,91.713,91.734
907,2023-05-09 00:13:16,91.712,91.733
908,2023-05-09 00:13:17,91.714,91.735
909,2023-05-09 00:13:18,91.715,91.736
910,2023-05-09 00:13:20,91.714,91.735
911,2023-05-09 00:13:20,91.713,91.734
912,2023-05-09 00:13:22,91.712,91.733
913,2023-05-09 00:13:22,91.711,91.732
914,2023-05-09 00:13:23,91.71,91.731
915,2023-05-09 00:13:24,91.708,91.729
916,2023-05-09 00:13:25,91.707,91.728
917,2023-05-09 00:13:26,91.706,91.727
918,2023-05-09 00:13:27,91.705,91.726
919,2023-05-09 00:13:28,91.704,91.725
920,2023-05-09 00:13:29,91.701,91.722
921,2023-05-09 00:13:32,91.699,91.72
922,2023-05-09 00:13:34,91.7,91.721
923,2023-05-09 00:13:34,91.699,91.72
924,2023-05-09 00:13:35,91.7,91.721
925,2023-05-09 00:13:39,91.706,91.727
926,2023-05-09 00:13:44,91.7,91.721
927,2023-05-09 00:13:48,91.701,91.722
928,2023-05-09 00:13:49,91.695,91.716
929,2023-05-09 00:13:49,91.688,91.709
930,2023-05-09 00:13:50,91.691,91.712
931,2023-05-09 00:13:50,91.694,91.715
932,2023-05-09 00:13:50,91.692,91.713
933,2023-05-09 00:13:52,91.691,91.712
934,2023-05-09 00:13:53,91.689,91.71
935,2023-05-09 00:13:55,91.69,91.711
936,2023-05-09 00:13:57,91.691,91.712
937,2023-05-09 00:13:59,91.69,91.711
938,2023-05-09 00:14:00,91.69,91.711
939,2023-05-09 00:14:01,91.689,91.71
940,2023-05-09 00:14:01,91.688,91.709
941,2023-05-09 00:14:02,91.689,91.71
942,2023-05-09 00:14:03,91.69,91.711
943,2023-05-09 00:14:05,91.692,91.713
944,2023-05-09 00:14:07,91.693,91.714
945,2023-05-09 00:14:08,91.692,91.713
946,2023-05-09 00:14:10,91.695,91.716
947,2023-05-09 00:14:11,91.694,91.715
948,2023-05-09 00:14:11,91.696,91.717
949,2023-05-09 00:14:12,91.697,91.718
950,2023-05-09 00:14:13,91.699,91.72
951,2023-05-09 00:14:13,91.694,91.715
952,2023-05-09 00:14:13,91.692,91.713
953,2023-05-09 00:14:15,91.694,91.715
954,2023-05-09 00:14:18,91.699,91.72
955,2023-05-09 00:14:19,91.701,91.722
956,2023-05-09 00:14:19,91.7,91.721
957,2023-05-09 00:14:20,91.701,91.722
958,2023-05-09 00:14:21,91.702,91.723
959,2023-05-09 00:14:23,91.703,91.724
960,2023-05-09 00:14:25,91.704,91.725
961,2023-05-09 00:14:25,91.706,91.727
962,2023-05-09 00:14:25,91.705,91.726
963,2023-05-09 00:14:27,91.704,91.725
964,2023-05-09 00:14:28,91.706,91.727
965,2023-05-09 00:14:29,91.707,91.728
966,2023-05-09 00:14:29,91.709,91.73
967,2023-05-09 00:14:32,91.71,91.731
968,2023-05-09 00:14:34,91.709,91.73
969,2023-05-09 00:14:35,91.707,91.728
970,2023-05-09 00:14:35,91.708,91.729
971,2023-05-09 00:14:36,91.707,91.728
972,2023-05-09 00:14:36,91.714,91.735
973,2023-05-09 00:14:37,91.721,91.742
974,2023-05-09 00:14:37,91.724,91.745
975,2023-05-09 00:14:38,91.728,91.749
976,2023-05-09 00:14:38,91.726,91.747
977,2023-05-09 00:14:38,91.724,91.745
978,2023-05-09 00:14:39,91.723,91.744
979,2023-05-09 00:14:40,91.724,91.745
980,2023-05-09 00:14:41,91.723,91.744
981,2023-05-09 00:14:41,91.724,91.745
982,2023-05-09 00:14:42,91.72,91.741
983,2023-05-09 00:14:43,91.722,91.743
984,2023-05-09 00:14:44,91.721,91.742
985,2023-05-09 00:14:44,91.722,91.743
986,2023-05-09 00:14:45,91.721,91.742
987,2023-05-09 00:14:45,91.72,91.741
988,2023-05-09 00:14:46,91.719,91.74
989,2023-05-09 00:14:46,91.718,91.739
990,2023-05-09 00:14:47,91.719,91.74
991,2023-05-09 00:14:47,91.72,91.741
992,2023-05-09 00:14:49,91.721,91.742
993,2023-05-09 00:14:50,91.722,91.743
994,2023-05-09 00:14:50,91.72,91.741
995,2023-05-09 00:14:53,91.726,91.747
996,2023-05-09 00:14:53,91.723,91.744
997,2023-05-09 00:14:54,91.724,91.745
998,2023-05-09 00:14:54,91.722,91.743
999,2023-05-09 00:14:55,91.721,91.742
1000,2023-05-09 00:14:56,91.722,91.743
1001,2023-05-09 00:14:57,91.724,91.745
1002,2023-05-09 00:14:57,91.725,91.746
1003,2023-05-09 00:14:57,91.726,91.747
1004,2023-05-09 00:14:58,91.725,91.746
1005,2023-05-09 00:14:58,91.724,91.745
1006,2023-05-09 00:14:59,91.722,91.743
1007,2023-05-09 00:14:59,91.723,91.744
1008,2023-05-09 00:15:00,91.721,91.742
1009,2023-05-09 00:15:01,91.723,91.744
1010,2023-05-09 00:15:02,91.721,91.742
1011,2023-05-09 00:15:02,91.722,91.743
1012,2023-05-09 00:15:03,91.723,91.744
1013,2023-05-09 00:15:03,91.725,91.746
1014,2023-05-09 00:15:03,91.727,91.748
1015,2023-05-09 00:15:04,91.721,91.742
1016,2023-05-09 00:15:04,91.723,91.744
1017,2023-05-09 00:15:05,91.722,91.743
1018,2023-05-09 00:15:06,91.72,91.741
1019,2023-05-09 00:15:06,91.718,91.739
1020,2023-05-09 00:15:07,91.714,91.735
1021,2023-05-09 00:15:08,91.715,91.736
1022,2023-05-09 00:15:08,91.716,91.737
1023,2023-05-09 00:15:09,91.719,91.74
1024,2023-05-09 00:15:09,91.721,91.742
1025,2023-05-09 00:15:09,91.727,91.748
1026,2023-05-09 00:15:10,91.725,91.746
1027,2023-05-09 00:15:11,91.727,91.748
1028,2023-05-09 00:15:12,91.728,91.749
1029,2023-05-09 00:15:18,91.721,91.742
1030,2023-05-09 00:15:20,91.715,91.736
1031,2023-05-09 00:15:21,91.714,91.735
1032,2023-05-09 00:15:23,91.715,91.736
1033,2023-05-09 00:15:24,91.714,91.735
1034,2023-05-09 00:15:25,91.713,91.734
1035,2023-05-09 00:15:26,91.714,91.735
1036,2023-05-09 00:15:27,91.713,91.734
1037,2023-05-09 00:15:28,91.714,91.735
1038,2023-05-09 00:15:29,91.717,91.738
1039,2023-05-09 00:15:31,91.716,91.737
1040,2023-05-09 00:15:32,91.717,91.738
1041,2023-05-09 00:15:32,91.713,91.734
1042,2023-05-09 00:15:33,91.712,91.733
1043,2023-05-09 00:15:33,91.711,91.732
1044,2023-05-09 00:15:34,91.714,91.735
1045,2023-05-09 00:15:34,91.715,91.736
1046,2023-05-09 00:15:34,91.714,91.735
1047,2023-05-09 00:15:35,91.715,91.736
1048,2023-05-09 00:15:38,91.714,91.735
1049,2023-05-09 00:15:38,91.715,91.736
1050,2023-05-09 00:15:39,91.717,91.738
1051,2023-05-09 00:15:40,91.716,91.737
1052,2023-05-09 00:15:41,91.717,91.738
1053,2023-05-09 00:15:42,91.713,91.734
1054,2023-05-09 00:15:43,91.714,91.735
1055,2023-05-09 00:15:44,91.715,91.736
1056,2023-05-09 00:15:44,91.714,91.735
1057,2023-05-09 00:15:45,91.715,91.736
1058,2023-05-09 00:15:49,91.713,91.734
1059,2023-05-09 00:15:49,91.716,91.737
1060,2023-05-09 00:15:50,91.715,91.736
1061,2023-05-09 00:15:51,91.717,91.738
1062,2023-05-09 00:15:51,91.718,91.739
1063,2023-05-09 00:15:53,91.716,91.737
1064,2023-05-09 00:15:55,91.718,91.739
1065,2023-05-09 00:15:56,91.716,91.737
1066,2023-05-09 00:15:56,91.714,91.735
1067,2023-05-09 00:15:57,91.715,91.736
1068,2023-05-09 00:15:57,91.719,91.74
1069,2023-05-09 00:16:00,91.719,91.74
1070,2023-05-09 00:16:00,91.721,91.742
1071,2023-05-09 00:16:00,91.722,91.743
1072,2023-05-09 00:16:01,91.719,91.74
1073,2023-05-09 00:16:01,91.717,91.738
1074,2023-05-09 00:16:03,91.718,91.739
1075,2023-05-09 00:16:03,91.717,91.738
1076,2023-05-09 00:16:05,91.719,91.74
1077,2023-05-09 00:16:07,91.721,91.742
1078,2023-05-09 00:16:07,91.718,91.739
1079,2023-05-09 00:16:08,91.719,91.74
1080,2023-05-09 00:16:09,91.72,91.741
1081,2023-05-09 00:16:15,91.721,91.742
1082,2023-05-09 00:16:16,91.719,91.74
1083,2023-05-09 00:16:21,91.72,91.741
1084,2023-05-09 00:16:21,91.724,91.745
1085,2023-05-09 00:16:21,91.722,91.743
1086,2023-05-09 00:16:22,91.721,91.742
1087,2023-05-09 00:16:22,91.72,91.741
1088,2023-05-09 00:16:25,91.719,91.74
1089,2023-05-09 00:16:25,91.718,91.739
1090,2023-05-09 00:16:26,91.72,91.741
1091,2023-05-09 00:16:28,91.721,91.742
1092,2023-05-09 00:16:28,91.722,91.743
1093,2023-05-09 00:16:29,91.721,91.742
1094,2023-05-09 00:16:29,91.722,91.743
1095,2023-05-09 00:16:30,91.723,91.744
1096,2023-05-09 00:16:31,91.721,91.742
1097,2023-05-09 00:16:31,91.722,91.743
1098,2023-05-09 00:16:33,91.721,91.742
1099,2023-05-09 00:16:34,91.725,91.746
1100,2023-05-09 00:16:34,91.719,91.74
1101,2023-05-09 00:16:34,91.718,91.739
1102,2023-05-09 00:16:41,91.715,91.736
1103,2023-05-09 00:16:42,91.714,91.735
1104,2023-05-09 00:16:43,91.717,91.738
1105,2023-05-09 00:16:44,91.716,91.737
1106,2023-05-09 00:16:44,91.715,91.736
1107,2023-05-09 00:16:45,91.717,91.738
1108,2023-05-09 00:16:46,91.716,91.737
1109,2023-05-09 00:16:49,91.718,91.739
1110,2023-05-09 00:16:50,91.716,91.737
1111,2023-05-09 00:16:50,91.714,91.735
1112,2023-05-09 00:16:53,91.713,91.734
1113,2023-05-09 00:16:55,91.716,91.737
1114,2023-05-09 00:16:56,91.721,91.742
1115,2023-05-09 00:16:56,91.72,91.741
1116,2023-05-09 00:16:56,91.719,91.74
1117,2023-05-09 00:16:57,91.721,91.742
1118,2023-05-09 00:16:58,91.722,91.743
1119,2023-05-09 00:17:00,91.72,91.741
1120,2023-05-09 00:17:01,91.724,91.745
1121,2023-05-09 00:17:02,91.723,91.744
1122,2023-05-09 00:17:02,91.722,91.743
1123,2023-05-09 00:17:03,91.72,91.741
1124,2023-05-09 00:17:03,91.718,91.739
1125,2023-05-09 00:17:03,91.717,91.738
1126,2023-05-09 00:17:04,91.718,91.739
1127,2023-05-09 00:17:07,91.719,91.74
1128,2023-05-09 00:17:07,91.717,91.738
1129,2023-05-09 00:17:08,91.718,91.739
1130,2023-05-09 00:17:11,91.719,91.74
1131,2023-05-09 00:17:11,91.721,91.742
1132,2023-05-09 00:17:12,91.724,91.745
1133,2023-05-09 00:17:15,91.725,91.746
1134,2023-05-09 00:17:15,91.724,91.745
1135,2023-05-09 00:17:16,91.722,91.743
1136,2023-05-09 00:17:16,91.721,91.742
1137,2023-05-09 00:17:17,91.722,91.743
1138,2023-05-09 00:17:18,91.724,91.745
1139,2023-05-09 00:17:19,91.725,91.746
1140,2023-05-09 00:17:21,91.727,91.748
1141,2023-05-09 00:17:23,91.726,91.747
1142,2023-05-09 00:17:26,91.725,91.746
1143,2023-05-09 00:17:26,91.724,91.745
1144,2023-05-09 00:17:27,91.723,91.744
1145,2023-05-09 00:17:27,91.722,91.743
1146,2023-05-09 00:17:28,91.723,91.744
1147,2023-05-09 00:17:29,91.726,91.747
1148,2023-05-09 00:17:29,91.725,91.746
1149,2023-05-09 00:17:30,91.726,91.747
1150,2023-05-09 00:17:33,91.725,91.746
1151,2023-05-09 00:17:37,91.724,91.745
1152,2023-05-09 00:17:37,91.725,91.746
1153,2023-05-09 00:17:39,91.724,91.745
1154,2023-05-09 00:17:41,91.727,91.748
1155,2023-05-09 00:17:43,91.726,91.747
1156,2023-05-09 00:17:43,91.728,91.749
1157,2023-05-09 00:17:43,91.725,91.746
1158,2023-05-09 00:17:44,91.726,91.747
1159,2023-05-09 00:17:44,91.725,91.746
1160,2023-05-09 00:17:46,91.726,91.747
1161,2023-05-09 00:17:47,91.723,91.744
1162,2023-05-09 00:17:50,91.721,91.742
1163,2023-05-09 00:17:51,91.722,91.743
1164,2023-05-09 00:17:52,91.723,91.744
1165,2023-05-09 00:17:53,91.722,91.743
1166,2023-05-09 00:18:00,91.722,91.743
1167,2023-05-09 00:18:04,91.723,91.744
1168,2023-05-09 00:18:04,91.722,91.743
1169,2023-05-09 00:18:04,91.723,91.744
1170,2023-05-09 00:18:07,91.722,91.743
1171,2023-05-09 00:18:08,91.72,91.741
1172,2023-05-09 00:18:11,91.721,91.742
1173,2023-05-09 00:18:12,91.722,91.743
1174,2023-05-09 00:18:15,91.723,91.744
1175,2023-05-09 00:18:15,91.722,91.743
1176,2023-05-09 00:18:17,91.721,91.742
1177,2023-05-09 00:18:18,91.719,91.74
1178,2023-05-09 00:18:19,91.72,91.741
1179,2023-05-09 00:18:27,91.719,91.74
1180,2023-05-09 00:18:28,91.722,91.743
1181,2023-05-09 00:18:28,91.723,91.744
1182,2023-05-09 00:18:32,91.724,91.745
1183,2023-05-09 00:18:32,91.725,91.746
1184,2023-05-09 00:18:35,91.724,91.745
1185,2023-05-09 00:18:36,91.723,91.744
1186,2023-05-09 00:18:36,91.721,91.742
1187,2023-05-09 00:18:37,91.719,91.74
1188,2023-05-09 00:18:38,91.716,91.737
1189,2023-05-09 00:18:40,91.715,91.736
1190,2023-05-09 00:18:42,91.72,91.741
1191,2023-05-09 00:18:43,91.719,91.74
1192,2023-05-09 00:18:43,91.72,91.741
1193,2023-05-09 00:18:44,91.719,91.74
1194,2023-05-09 00:18:46,91.715,91.736
1195,2023-05-09 00:18:46,91.714,91.735
1196,2023-05-09 00:18:50,91.715,91.736
1197,2023-05-09 00:18:50,91.714,91.735
1198,2023-05-09 00:18:51,91.718,91.739
1199,2023-05-09 00:18:52,91.719,91.74
1200,2023-05-09 00:18:52,91.72,91.741
1201,2023-05-09 00:18:56,91.719,91.74
1202,2023-05-09 00:18:57,91.714,91.735
1203,2023-05-09 00:18:58,91.712,91.733
1204,2023-05-09 00:18:58,91.713,91.734
1205,2023-05-09 00:19:00,91.713,91.734
1206,2023-05-09 00:19:01,91.712,91.733
1207,2023-05-09 00:19:01,91.708,91.729
1208,2023-05-09 00:19:03,91.707,91.728
1209,2023-05-09 00:19:05,91.706,91.727
1210,2023-05-09 00:19:07,91.707,91.728
1211,2023-05-09 00:19:08,91.706,91.727
1212,2023-05-09 00:19:09,91.708,91.729
1213,2023-05-09 00:19:10,91.705,91.726
1214,2023-05-09 00:19:14,91.706,91.727
1215,2023-05-09 00:19:17,91.705,91.726
1216,2023-05-09 00:19:17,91.704,91.725
1217,2023-05-09 00:19:18,91.705,91.726
1218,2023-05-09 00:19:18,91.704,91.725
1219,2023-05-09 00:19:19,91.702,91.723
1220,2023-05-09 00:19:20,91.701,91.722
1221,2023-05-09 00:19:22,91.702,91.723
1222,2023-05-09 00:19:23,91.703,91.724
1223,2023-05-09 00:19:27,91.704,91.725
1224,2023-05-09 00:19:28,91.703,91.724
1225,2023-05-09 00:19:30,91.699,91.72
1226,2023-05-09 00:19:30,91.701,91.722
1227,2023-05-09 00:19:30,91.7,91.721
1228,2023-05-09 00:19:31,91.699,91.72
1229,2023-05-09 00:19:31,91.692,91.713
1230,2023-05-09 00:19:32,91.694,91.715
1231,2023-05-09 00:19:35,91.693,91.714
1232,2023-05-09 00:19:36,91.688,91.709
1233,2023-05-09 00:19:36,91.686,91.707
1234,2023-05-09 00:19:36,91.687,91.708
1235,2023-05-09 00:19:37,91.688,91.709
1236,2023-05-09 00:19:38,91.686,91.707
1237,2023-05-09 00:19:39,91.688,91.709
1238,2023-05-09 00:19:40,91.694,91.715
1239,2023-05-09 00:19:40,91.693,91.714
1240,2023-05-09 00:19:40,91.694,91.715
1241,2023-05-09 00:19:41,91.693,91.714
1242,2023-05-09 00:19:41,91.697,91.718
1243,2023-05-09 00:19:42,91.7,91.721
1244,2023-05-09 00:19:42,91.697,91.718
1245,2023-05-09 00:19:42,91.698,91.719
1246,2023-05-09 00:19:43,91.697,91.718
1247,2023-05-09 00:19:43,91.698,91.719
1248,2023-05-09 00:19:43,91.696,91.717
1249,2023-05-09 00:19:44,91.697,91.718
1250,2023-05-09 00:19:46,91.696,91.717
1251,2023-05-09 00:19:47,91.697,91.718
1252,2023-05-09 00:19:48,91.696,91.717
1253,2023-05-09 00:19:50,91.698,91.719
1254,2023-05-09 00:19:52,91.696,91.717
1255,2023-05-09 00:19:54,91.695,91.716
1256,2023-05-09 00:19:58,91.701,91.722
1257,2023-05-09 00:19:59,91.697,91.718
1258,2023-05-09 00:19:59,91.696,91.717
1259,2023-05-09 00:20:00,91.694,91.715
1260,2023-05-09 00:20:02,91.693,91.714
1261,2023-05-09 00:20:03,91.692,91.713
1262,2023-05-09 00:20:04,91.694,91.715
1263,2023-05-09 00:20:04,91.695,91.716
1264,2023-05-09 00:20:04,91.696,91.717
1265,2023-05-09 00:20:05,91.697,91.718
1266,2023-05-09 00:20:06,91.698,91.719
1267,2023-05-09 00:20:07,91.7,91.721
1268,2023-05-09 00:20:07,91.702,91.723
1269,2023-05-09 00:20:08,91.703,91.724
1270,2023-05-09 00:20:11,91.704,91.725
1271,2023-05-09 00:20:16,91.701,91.722
1272,2023-05-09 00:20:19,91.699,91.72
1273,2023-05-09 00:20:19,91.701,91.722
1274,2023-05-09 00:20:20,91.702,91.723
1275,2023-05-09 00:20:21,91.7,91.721
1276,2023-05-09 00:20:21,91.697,91.718
1277,2023-05-09 00:20:21,91.699,91.72
1278,2023-05-09 00:20:23,91.698,91.719
1279,2023-05-09 00:20:25,91.697,91.718
1280,2023-05-09 00:20:28,91.698,91.719
1281,2023-05-09 00:20:32,91.697,91.718
1282,2023-05-09 00:20:34,91.698,91.719
1283,2023-05-09 00:20:35,91.697,91.718
1284,2023-05-09 00:20:37,91.699,91.72
1285,2023-05-09 00:20:41,91.701,91.722
1286,2023-05-09 00:20:42,91.702,91.723
1287,2023-05-09 00:20:43,91.708,91.729
1288,2023-05-09 00:20:43,91.704,91.725
1289,2023-05-09 00:20:44,91.703,91.724
1290,2023-05-09 00:20:45,91.704,91.725
1291,2023-05-09 00:20:48,91.703,91.724
1292,2023-05-09 00:20:50,91.704,91.725
1293,2023-05-09 00:20:51,91.706,91.727
1294,2023-05-09 00:20:51,91.707,91.728
1295,2023-05-09 00:20:53,91.708,91.729
1296,2023-05-09 00:20:56,91.709,91.73
1297,2023-05-09 00:21:00,91.709,91.73
1298,2023-05-09 00:21:00,91.714,91.735
1299,2023-05-09 00:21:01,91.716,91.737
1300,2023-05-09 00:21:01,91.718,91.739
1301,2023-05-09 00:21:01,91.717,91.738
1302,2023-05-09 00:21:03,91.718,91.739
1303,2023-05-09 00:21:07,91.717,91.738
1304,2023-05-09 00:21:08,91.716,91.737
1305,2023-05-09 00:21:09,91.717,91.738
1306,2023-05-09 00:21:12,91.718,91.739
1307,2023-05-09 00:21:14,91.717,91.738
1308,2023-05-09 00:21:15,91.72,91.741
1309,2023-05-09 00:21:15,91.721,91.742
1310,2023-05-09 00:21:16,91.716,91.737
1311,2023-05-09 00:21:17,91.717,91.738
1312,2023-05-09 00:21:20,91.719,91.74
1313,2023-05-09 00:21:20,91.717,91.738
1314,2023-05-09 00:21:22,91.718,91.739
1315,2023-05-09 00:21:22,91.719,91.74
1316,2023-05-09 00:21:23,91.721,91.742
1317,2023-05-09 00:21:24,91.717,91.738
1318,2023-05-09 00:21:26,91.718,91.739
1319,2023-05-09 00:21:28,91.717,91.738
1320,2023-05-09 00:21:31,91.719,91.74
1321,2023-05-09 00:21:36,91.717,91.738
1322,2023-05-09 00:21:36,91.716,91.737
1323,2023-05-09 00:21:37,91.717,91.738
1324,2023-05-09 00:21:37,91.718,91.739
1325,2023-05-09 00:21:40,91.717,91.738
1326,2023-05-09 00:21:44,91.715,91.736
1327,2023-05-09 00:21:49,91.718,91.739
1328,2023-05-09 00:21:51,91.717,91.738
1329,2023-05-09 00:21:54,91.718,91.739
1330,2023-05-09 00:21:55,91.717,91.738
1331,2023-05-09 00:21:56,91.718,91.739
1332,2023-05-09 00:21:57,91.717,91.738
1333,2023-05-09 00:22:00,91.717,91.738
1334,2023-05-09 00:22:00,91.715,91.736
1335,2023-05-09 00:22:01,91.714,91.735
1336,2023-05-09 00:22:02,91.713,91.734
1337,2023-05-09 00:22:03,91.711,91.732
1338,2023-05-09 00:22:07,91.71,91.731
1339,2023-05-09 00:22:10,91.709,91.73
1340,2023-05-09 00:22:10,91.71,91.731
1341,2023-05-09 00:22:11,91.709,91.73
1342,2023-05-09 00:22:12,91.707,91.728
1343,2023-05-09 00:22:13,91.708,91.729
1344,2023-05-09 00:22:14,91.709,91.73
1345,2023-05-09 00:22:16,91.708,91.729
1346,2023-05-09 00:22:16,91.709,91.73
1347,2023-05-09 00:22:20,91.71,91.731
1348,2023-05-09 00:22:20,91.711,91.732
1349,2023-05-09 00:22:20,91.713,91.734
1350,2023-05-09 00:22:21,91.711,91.732
1351,2023-05-09 00:22:26,91.713,91.734
1352,2023-05-09 00:22:27,91.715,91.736
1353,2023-05-09 00:22:27,91.716,91.737
1354,2023-05-09 00:22:28,91.717,91.738
1355,2023-05-09 00:22:30,91.719,91.74
1356,2023-05-09 00:22:31,91.715,91.736
1357,2023-05-09 00:22:31,91.716,91.737
1358,2023-05-09 00:22:31,91.717,91.738
1359,2023-05-09 00:22:37,91.716,91.737
1360,2023-05-09 00:22:37,91.711,91.732
1361,2023-05-09 00:22:41,91.714,91.735
1362,2023-05-09 00:22:41,91.713,91.734
1363,2023-05-09 00:22:41,91.714,91.735
1364,2023-05-09 00:22:45,91.715,91.736
1365,2023-05-09 00:22:46,91.714,91.735
1366,2023-05-09 00:22:47,91.712,91.733
1367,2023-05-09 00:22:47,91.708,91.729
1368,2023-05-09 00:22:47,91.707,91.728
1369,2023-05-09 00:22:49,91.708,91.729
1370,2023-05-09 00:22:51,91.706,91.727
1371,2023-05-09 00:22:52,91.707,91.728
1372,2023-05-09 00:22:52,91.706,91.727
1373,2023-05-09 00:22:53,91.707,91.728
1374,2023-05-09 00:22:55,91.708,91.729
1375,2023-05-09 00:22:57,91.707,91.728
1376,2023-05-09 00:22:57,91.708,91.729
1377,2023-05-09 00:22:58,91.707,91.728
1378,2023-05-09 00:22:58,91.708,91.729
1379,2023-05-09 00:23:00,91.707,91.728
1380,2023-05-09 00:23:07,91.708,91.729
1381,2023-05-09 00:23:08,91.709,91.73
1382,2023-05-09 00:23:08,91.708,91.729
1383,2023-05-09 00:23:08,91.707,91.728
1384,2023-05-09 00:23:10,91.708,91.729
1385,2023-05-09 00:23:10,91.709,91.73
1386,2023-05-09 00:23:11,91.711,91.732
1387,2023-05-09 00:23:13,91.712,91.733
1388,2023-05-09 00:23:13,91.714,91.735
1389,2023-05-09 00:23:13,91.713,91.734
1390,2023-05-09 00:23:13,91.712,91.733
1391,2023-05-09 00:23:14,91.71,91.731
1392,2023-05-09 00:23:14,91.708,91.729
1393,2023-05-09 00:23:14,91.706,91.727
1394,2023-05-09 00:23:16,91.707,91.728
1395,2023-05-09 00:23:17,91.708,91.729
1396,2023-05-09 00:23:19,91.709,91.73
1397,2023-05-09 00:23:19,91.711,91.732
1398,2023-05-09 00:23:21,91.716,91.737
1399,2023-05-09 00:23:22,91.714,91.735
1400,2023-05-09 00:23:22,91.713,91.734
1401,2023-05-09 00:23:23,91.714,91.735
1402,2023-05-09 00:23:26,91.716,91.737
1403,2023-05-09 00:23:27,91.714,91.735
1404,2023-05-09 00:23:27,91.713,91.734
1405,2023-05-09 00:23:29,91.71,91.731
1406,2023-05-09 00:23:30,91.708,91.729
1407,2023-05-09 00:23:30,91.707,91.728
1408,2023-05-09 00:23:33,91.709,91.73
1409,2023-05-09 00:23:33,91.711,91.732
1410,2023-05-09 00:23:34,91.71,91.731
1411,2023-05-09 00:23:36,91.709,91.73
1412,2023-05-09 00:23:37,91.711,91.732
1413,2023-05-09 00:23:38,91.71,91.731
1414,2023-05-09 00:23:40,91.709,91.73
1415,2023-05-09 00:23:42,91.71,91.731
1416,2023-05-09 00:23:45,91.709,91.73
1417,2023-05-09 00:23:45,91.71,91.731
1418,2023-05-09 00:23:46,91.709,91.73
1419,2023-05-09 00:23:47,91.71,91.731
1420,2023-05-09 00:23:48,91.709,91.73
1421,2023-05-09 00:23:50,91.71,91.731
1422,2023-05-09 00:23:51,91.706,91.727
1423,2023-05-09 00:23:51,91.705,91.726
1424,2023-05-09 00:23:53,91.706,91.727
1425,2023-05-09 00:23:55,91.71,91.731
1426,2023-05-09 00:23:56,91.707,91.728
1427,2023-05-09 00:24:00,91.707,91.728
1428,2023-05-09 00:24:00,91.709,91.73
1429,2023-05-09 00:24:00,91.707,91.728
1430,2023-05-09 00:24:01,91.708,91.729
1431,2023-05-09 00:24:02,91.709,91.73
1432,2023-05-09 00:24:02,91.707,91.728
1433,2023-05-09 00:24:03,91.708,91.729
1434,2023-05-09 00:24:03,91.707,91.728
1435,2023-05-09 00:24:06,91.708,91.729
1436,2023-05-09 00:24:06,91.702,91.723
1437,2023-05-09 00:24:07,91.7,91.721
1438,2023-05-09 00:24:08,91.699,91.72
1439,2023-05-09 00:24:09,91.7,91.721
1440,2023-05-09 00:24:09,91.701,91.722
1441,2023-05-09 00:24:11,91.7,91.721
1442,2023-05-09 00:24:13,91.699,91.72
1443,2023-05-09 00:24:15,91.7,91.721
1444,2023-05-09 00:24:16,91.699,91.72
1445,2023-05-09 00:24:17,91.702,91.723
1446,2023-05-09 00:24:18,91.699,91.72
1447,2023-05-09 00:24:21,91.7,91.721
1448,2023-05-09 00:24:22,91.702,91.723
1449,2023-05-09 00:24:23,91.701,91.722
1450,2023-05-09 00:24:23,91.699,91.72
1451,2023-05-09 00:24:26,91.698,91.719
1452,2023-05-09 00:24:27,91.699,91.72
1453,2023-05-09 00:24:28,91.7,91.721
1454,2023-05-09 00:24:28,91.701,91.722
1455,2023-05-09 00:24:28,91.7,91.721
1456,2023-05-09 00:24:29,91.699,91.72
1457,2023-05-09 00:24:31,91.704,91.725
1458,2023-05-09 00:24:31,91.705,91.726
1459,2023-05-09 00:24:32,91.704,91.725
1460,2023-05-09 00:24:32,91.702,91.723
1461,2023-05-09 00:24:32,91.701,91.722
1462,2023-05-09 00:24:33,91.702,91.723
1463,2023-05-09 00:24:33,91.701,91.722
1464,2023-05-09 00:24:34,91.703,91.724
1465,2023-05-09 00:24:35,91.7,91.721
1466,2023-05-09 00:24:35,91.701,91.722
1467,2023-05-09 00:24:37,91.704,91.725
1468,2023-05-09 00:24:38,91.705,91.726
1469,2023-05-09 00:24:39,91.706,91.727
1470,2023-05-09 00:24:41,91.705,91.726
1471,2023-05-09 00:24:42,91.706,91.727
1472,2023-05-09 00:24:50,91.707,91.728
1473,2023-05-09 00:24:51,91.706,91.727
1474,2023-05-09 00:24:52,91.707,91.728
1475,2023-05-09 00:24:54,91.706,91.727
1476,2023-05-09 00:24:59,91.709,91.73
1477,2023-05-09 00:25:00,91.709,91.73
1478,2023-05-09 00:25:01,91.706,91.727
1479,2023-05-09 00:25:01,91.705,91.726
1480,2023-05-09 00:25:04,91.704,91.725
1481,2023-05-09 00:25:06,91.703,91.724
1482,2023-05-09 00:25:07,91.705,91.726
1483,2023-05-09 00:25:08,91.71,91.731
1484,2023-05-09 00:25:09,91.707,91.728
1485,2023-05-09 00:25:11,91.706,91.727
1486,2023-05-09 00:25:13,91.704,91.725
1487,2023-05-09 00:25:13,91.702,91.723
1488,2023-05-09 00:25:14,91.703,91.724
1489,2023-05-09 00:25:14,91.702,91.723
1490,2023-05-09 00:25:14,91.703,91.724
1491,2023-05-09 00:25:15,91.704,91.725
1492,2023-05-09 00:25:16,91.703,91.724
1493,2023-05-09 00:25:16,91.702,91.723
1494,2023-05-09 00:25:17,91.698,91.719
1495,2023-05-09 00:25:17,91.699,91.72
1496,2023-05-09 00:25:18,91.7,91.721
1497,2023-05-09 00:25:18,91.699,91.72
1498,2023-05-09 00:25:19,91.7,91.721
1499,2023-05-09 00:25:23,91.704,91.725
1500,2023-05-09 00:25:23,91.703,91.724
1501,2023-05-09 00:25:26,91.702,91.723
1502,2023-05-09 00:25:27,91.703,91.724
1503,2023-05-09 00:25:28,91.701,91.722
1504,2023-05-09 00:25:32,91.7,91.721
1505,2023-05-09 00:25:34,91.702,91.723
1506,2023-05-09 00:25:41,91.7,91.721
1507,2023-05-09 00:25:44,91.701,91.722
1508,2023-05-09 00:25:45,91.702,91.723
1509,2023-05-09 00:25:46,91.7,91.721
1510,2023-05-09 00:25:48,91.703,91.724
1511,2023-05-09 00:25:48,91.704,91.725
1512,2023-05-09 00:25:48,91.703,91.724
1513,2023-05-09 00:25:49,91.701,91.722
1514,2023-05-09 00:25:49,91.703,91.724
1515,2023-05-09 00:25:49,91.704,91.725
1516,2023-05-09 00:25:50,91.703,91.724
1517,2023-05-09 00:25:50,91.702,91.723
1518,2023-05-09 00:25:51,91.704,91.725
1519,2023-05-09 00:25:51,91.706,91.727
1520,2023-05-09 00:25:53,91.707,91.728
1521,2023-05-09 00:25:53,91.708,91.729
1522,2023-05-09 00:25:56,91.705,91.726
1523,2023-05-09 00:25:57,91.704,91.725
1524,2023-05-09 00:26:00,91.707,91.728
1525,2023-05-09 00:26:01,91.705,91.726
1526,2023-05-09 00:26:07,91.706,91.727
1527,2023-05-09 00:26:09,91.708,91.729
1528,2023-05-09 00:26:09,91.707,91.728
1529,2023-05-09 00:26:10,91.706,91.727
1530,2023-05-09 00:26:10,91.703,91.724
1531,2023-05-09 00:26:12,91.705,91.726
1532,2023-05-09 00:26:12,91.706,91.727
1533,2023-05-09 00:26:12,91.705,91.726
1534,2023-05-09 00:26:13,91.706,91.727
1535,2023-05-09 00:26:13,91.708,91.729
1536,2023-05-09 00:26:14,91.71,91.731
1537,2023-05-09 00:26:14,91.707,91.728
1538,2023-05-09 00:26:15,91.708,91.729
1539,2023-05-09 00:26:15,91.707,91.728
1540,2023-05-09 00:26:19,91.708,91.729
1541,2023-05-09 00:26:20,91.707,91.728
1542,2023-05-09 00:26:20,91.706,91.727
1543,2023-05-09 00:26:22,91.707,91.728
1544,2023-05-09 00:26:24,91.706,91.727
1545,2023-05-09 00:26:29,91.705,91.726
1546,2023-05-09 00:26:30,91.704,91.725
1547,2023-05-09 00:26:30,91.701,91.722
1548,2023-05-09 00:26:30,91.7,91.721
1549,2023-05-09 00:26:34,91.704,91.725
1550,2023-05-09 00:26:36,91.697,91.718
1551,2023-05-09 00:26:37,91.698,91.719
1552,2023-05-09 00:26:38,91.697,91.718
1553,2023-05-09 00:26:39,91.694,91.715
1554,2023-05-09 00:26:40,91.693,91.714
1555,2023-05-09 00:26:41,91.694,91.715
1556,2023-05-09 00:26:41,91.693,91.714
1557,2023-05-09 00:26:41,91.689,91.71
1558,2023-05-09 00:26:42,91.691,91.712
1559,2023-05-09 00:26:42,91.692,91.713
1560,2023-05-09 00:26:43,91.694,91.715
1561,2023-05-09 00:26:46,91.689,91.71
1562,2023-05-09 00:26:47,91.69,91.711
1563,2023-05-09 00:26:47,91.687,91.708
1564,2023-05-09 00:26:47,91.686,91.707
1565,2023-05-09 00:26:48,91.685,91.706
1566,2023-05-09 00:26:49,91.687,91.708
1567,2023-05-09 00:26:50,91.688,91.709
1568,2023-05-09 00:26:51,91.687,91.708
1569,2023-05-09 00:26:51,91.691,91.712
1570,2023-05-09 00:26:51,91.69,91.711
1571,2023-05-09 00:26:52,91.692,91.713
1572,2023-05-09 00:26:53,91.693,91.714
1573,2023-05-09 00:26:55,91.692,91.713
1574,2023-05-09 00:26:56,91.693,91.714
1575,2023-05-09 00:26:56,91.695,91.716
1576,2023-05-09 00:26:56,91.693,91.714
1577,2023-05-09 00:26:57,91.692,91.713
1578,2023-05-09 00:27:00,91.692,91.713
1579,2023-05-09 00:27:01,91.693,91.714
1580,2023-05-09 00:27:02,91.692,91.713
1581,2023-05-09 00:27:03,91.694,91.715
1582,2023-05-09 00:27:04,91.693,91.714
1583,2023-05-09 00:27:04,91.694,91.715
1584,2023-05-09 00:27:05,91.693,91.714
1585,2023-05-09 00:27:06,91.692,91.713
1586,2023-05-09 00:27:08,91.693,91.714
1587,2023-05-09 00:27:08,91.695,91.716
1588,2023-05-09 00:27:09,91.694,91.715
1589,2023-05-09 00:27:09,91.692,91.713
1590,2023-05-09 00:27:13,91.691,91.712
1591,2023-05-09 00:27:15,91.692,91.713
1592,2023-05-09 00:27:16,91.691,91.712
1593,2023-05-09 00:27:16,91.692,91.713
1594,2023-05-09 00:27:21,91.693,91.714
1595,2023-05-09 00:27:22,91.692,91.713
1596,2023-05-09 00:27:26,91.693,91.714
1597,2023-05-09 00:27:31,91.694,91.715
1598,2023-05-09 00:27:31,91.696,91.717
1599,2023-05-09 00:27:32,91.694,91.715
1600,2023-05-09 00:27:32,91.695,91.716
1601,2023-05-09 00:27:35,91.697,91.718
1602,2023-05-09 00:27:35,91.696,91.717
1603,2023-05-09 00:27:37,91.697,91.718
1604,2023-05-09 00:27:38,91.696,91.717
1605,2023-05-09 00:27:38,91.697,91.718
1606,2023-05-09 00:27:38,91.696,91.717
1607,2023-05-09 00:27:41,91.697,91.718
1608,2023-05-09 00:27:42,91.696,91.717
1609,2023-05-09 00:27:42,91.697,91.718
1610,2023-05-09 00:27:55,91.699,91.72
1611,2023-05-09 00:27:55,91.702,91.723
1612,2023-05-09 00:27:57,91.703,91.724
1613,2023-05-09 00:27:57,91.7,91.721
1614,2023-05-09 00:27:59,91.699,91.72
1615,2023-05-09 00:28:00,91.699,91.72
1616,2023-05-09 00:28:05,91.698,91.719
1617,2023-05-09 00:28:08,91.699,91.72
1618,2023-05-09 00:28:11,91.697,91.718
1619,2023-05-09 00:28:11,91.695,91.716
1620,2023-05-09 00:28:12,91.693,91.714
1621,2023-05-09 00:28:13,91.695,91.716
1622,2023-05-09 00:28:14,91.696,91.717
1623,2023-05-09 00:28:14,91.694,91.715
1624,2023-05-09 00:28:15,91.693,91.714
1625,2023-05-09 00:28:16,91.695,91.716
1626,2023-05-09 00:28:16,91.694,91.715
1627,2023-05-09 00:28:17,91.693,91.714
1628,2023-05-09 00:28:17,91.697,91.718
1629,2023-05-09 00:28:17,91.698,91.719
1630,2023-05-09 00:28:21,91.699,91.72
1631,2023-05-09 00:28:22,91.697,91.718
1632,2023-05-09 00:28:22,91.7,91.721
1633,2023-05-09 00:28:23,91.703,91.724
1634,2023-05-09 00:28:24,91.704,91.725
1635,2023-05-09 00:28:25,91.709,91.73
1636,2023-05-09 00:28:26,91.711,91.732
1637,2023-05-09 00:28:26,91.712,91.733
1638,2023-05-09 00:28:28,91.713,91.734
1639,2023-05-09 00:28:28,91.712,91.733
1640,2023-05-09 00:28:30,91.713,91.734
1641,2023-05-09 00:28:32,91.712,91.733
1642,2023-05-09 00:28:35,91.711,91.732
1643,2023-05-09 00:28:36,91.713,91.734
1644,2023-05-09 00:28:39,91.712,91.733
1645,2023-05-09 00:28:42,91.711,91.732
1646,2023-05-09 00:28:43,91.712,91.733
1647,2023-05-09 00:28:43,91.713,91.734
1648,2023-05-09 00:28:46,91.712,91.733
1649,2023-05-09 00:28:47,91.713,91.734
1650,2023-05-09 00:28:49,91.712,91.733
1651,2023-05-09 00:29:00,91.713,91.734
1652,2023-05-09 00:29:00,91.712,91.733
1653,2023-05-09 00:29:03,91.715,91.736
1654,2023-05-09 00:29:11,91.721,91.742
1655,2023-05-09 00:29:12,91.72,91.741
1656,2023-05-09 00:29:13,91.721,91.742
1657,2023-05-09 00:29:15,91.72,91.741
1658,2023-05-09 00:29:19,91.721,91.742
1659,2023-05-09 00:29:20,91.723,91.744
1660,2023-05-09 00:29:20,91.724,91.745
1661,2023-05-09 00:29:21,91.727,91.748
1662,2023-05-09 00:29:22,91.724,91.745
1663,2023-05-09 00:29:22,91.722,91.743
1664,2023-05-09 00:29:23,91.721,91.742
1665,2023-05-09 00:29:24,91.722,91.743
1666,2023-05-09 00:29:25,91.721,91.742
1667,2023-05-09 00:29:27,91.722,91.743
1668,2023-05-09 00:29:30,91.723,91.744
1669,2023-05-09 00:29:38,91.721,91.742
1670,2023-05-09 00:29:38,91.726,91.747
1671,2023-05-09 00:29:38,91.725,91.746
1672,2023-05-09 00:29:39,91.726,91.747
1673,2023-05-09 00:29:39,91.724,91.745
1674,2023-05-09 00:29:39,91.725,91.746
1675,2023-05-09 00:29:43,91.724,91.745
1676,2023-05-09 00:29:44,91.725,91.746
1677,2023-05-09 00:29:45,91.726,91.747
1678,2023-05-09 00:29:46,91.725,91.746
1679,2023-05-09 00:29:47,91.724,91.745
1680,2023-05-09 00:29:52,91.723,91.744
1681,2023-05-09 00:29:53,91.721,91.742
1682,2023-05-09 00:29:53,91.72,91.741
1683,2023-05-09 00:29:55,91.719,91.74
1684,2023-05-09 00:29:57,91.718,91.739
1685,2023-05-09 00:29:59,91.719,91.74
1686,2023-05-09 00:29:59,91.717,91.738
1687,2023-05-09 00:30:00,91.714,91.735
1688,2023-05-09 00:30:00,91.715,91.736
1689,2023-05-09 00:30:00,91.712,91.733
1690,2023-05-09 00:30:01,91.714,91.735
1691,2023-05-09 00:30:01,91.717,91.738
1692,2023-05-09 00:30:02,91.718,91.739
1693,2023-05-09 00:30:03,91.719,91.74
1694,2023-05-09 00:30:07,91.716,91.737
1695,2023-05-09 00:30:08,91.715,91.736
1696,2023-05-09 00:30:08,91.712,91.733
1697,2023-05-09 00:30:08,91.71,91.731
1698,2023-05-09 00:30:09,91.707,91.728
1699,2023-05-09 00:30:09,91.706,91.727
1700,2023-05-09 00:30:10,91.704,91.725
1701,2023-05-09 00:30:10,91.705,91.726
1702,2023-05-09 00:30:11,91.704,91.725
1703,2023-05-09 00:30:11,91.707,91.728
1704,2023-05-09 00:30:12,91.705,91.726
1705,2023-05-09 00:30:12,91.703,91.724
1706,2023-05-09 00:30:13,91.702,91.723
1707,2023-05-09 00:30:13,91.701,91.722
1708,2023-05-09 00:30:14,91.699,91.72
1709,2023-05-09 00:30:15,91.697,91.718
1710,2023-05-09 00:30:15,91.699,91.72
1711,2023-05-09 00:30:15,91.7,91.721
1712,2023-05-09 00:30:19,91.695,91.716
1713,2023-05-09 00:30:19,91.691,91.712
1714,2023-05-09 00:30:20,91.693,91.714
1715,2023-05-09 00:30:21,91.692,91.713
1716,2023-05-09 00:30:21,91.694,91.715
1717,2023-05-09 00:30:23,91.695,91.716
1718,2023-05-09 00:30:24,91.7,91.721
1719,2023-05-09 00:30:24,91.699,91.72
1720,2023-05-09 00:30:24,91.7,91.721
1721,2023-05-09 00:30:25,91.699,91.72
1722,2023-05-09 00:30:25,91.698,91.719
1723,2023-05-09 00:30:26,91.695,91.716
1724,2023-05-09 00:30:26,91.697,91.718
1725,2023-05-09 00:30:26,91.696,91.717
1726,2023-05-09 00:30:27,91.697,91.718
1727,2023-05-09 00:30:29,91.698,91.719
1728,2023-05-09 00:30:30,91.699,91.72
1729,2023-05-09 00:30:30,91.7,91.721
1730,2023-05-09 00:30:31,91.702,91.723
1731,2023-05-09 00:30:31,91.703,91.724
1732,2023-05-09 00:30:33,91.704,91.725
1733,2023-05-09 00:30:33,91.705,91.726
1734,2023-05-09 00:30:40,91.706,91.727
1735,2023-05-09 00:30:54,91.705,91.726
1736,2023-05-09 00:30:55,91.706,91.727
1737,2023-05-09 00:31:00,91.706,91.727
1738,2023-05-09 00:31:01,91.707,91.728
1739,2023-05-09 00:31:01,91.706,91.727
1740,2023-05-09 00:31:02,91.705,91.726
1741,2023-05-09 00:31:03,91.706,91.727
1742,2023-05-09 00:31:03,91.707,91.728
1743,2023-05-09 00:31:05,91.705,91.726
1744,2023-05-09 00:31:05,91.704,91.725
1745,2023-05-09 00:31:05,91.705,91.726
1746,2023-05-09 00:31:06,91.706,91.727
1747,2023-05-09 00:31:09,91.707,91.728
1748,2023-05-09 00:31:10,91.709,91.73
1749,2023-05-09 00:31:10,91.707,91.728
1750,2023-05-09 00:31:10,91.706,91.727
1751,2023-05-09 00:31:13,91.705,91.726
1752,2023-05-09 00:31:14,91.706,91.727
1753,2023-05-09 00:31:14,91.708,91.729
1754,2023-05-09 00:31:14,91.71,91.731
1755,2023-05-09 00:31:14,91.711,91.732
1756,2023-05-09 00:31:15,91.712,91.733
1757,2023-05-09 00:31:16,91.715,91.736
1758,2023-05-09 00:31:16,91.716,91.737
1759,2023-05-09 00:31:16,91.712,91.733
1760,2023-05-09 00:31:19,91.713,91.734
1761,2023-05-09 00:31:19,91.712,91.733
1762,2023-05-09 00:31:22,91.713,91.734
1763,2023-05-09 00:31:23,91.712,91.733
1764,2023-05-09 00:31:35,91.713,91.734
1765,2023-05-09 00:31:41,91.705,91.726
1766,2023-05-09 00:31:42,91.704,91.725
1767,2023-05-09 00:31:42,91.706,91.727
1768,2023-05-09 00:31:43,91.705,91.726
1769,2023-05-09 00:31:45,91.704,91.725
1770,2023-05-09 00:31:46,91.703,91.724
1771,2023-05-09 00:31:46,91.704,91.725
1772,2023-05-09 00:31:46,91.705,91.726
1773,2023-05-09 00:31:49,91.704,91.725
1774,2023-05-09 00:31:50,91.702,91.723
1775,2023-05-09 00:31:50,91.703,91.724
1776,2023-05-09 00:31:51,91.701,91.722
1777,2023-05-09 00:31:51,91.704,91.725
1778,2023-05-09 00:31:52,91.703,91.724
1779,2023-05-09 00:31:54,91.702,91.723
1780,2023-05-09 00:31:54,91.701,91.722
1781,2023-05-09 00:31:54,91.7,91.721
1782,2023-05-09 00:31:57,91.694,91.715
1783,2023-05-09 00:31:57,91.693,91.714
1784,2023-05-09 00:31:58,91.692,91.713
1785,2023-05-09 00:31:59,91.691,91.712
1786,2023-05-09 00:32:00,91.691,91.712
1787,2023-05-09 00:32:00,91.692,91.713
1788,2023-05-09 00:32:01,91.69,91.711
1789,2023-05-09 00:32:02,91.692,91.713
1790,2023-05-09 00:32:03,91.693,91.714
1791,2023-05-09 00:32:04,91.691,91.712
1792,2023-05-09 00:32:05,91.693,91.714
1793,2023-05-09 00:32:06,91.691,91.712
1794,2023-05-09 00:32:07,91.69,91.711
1795,2023-05-09 00:32:07,91.688,91.709
1796,2023-05-09 00:32:07,91.69,91.711
1797,2023-05-09 00:32:08,91.691,91.712
1798,2023-05-09 00:32:09,91.69,91.711
1799,2023-05-09 00:32:10,91.692,91.713
1800,2023-05-09 00:32:16,91.693,91.714
1801,2023-05-09 00:32:20,91.692,91.713
1802,2023-05-09 00:32:24,91.691,91.712
1803,2023-05-09 00:32:25,91.687,91.708
1804,2023-05-09 00:32:25,91.686,91.707
1805,2023-05-09 00:32:25,91.685,91.706
1806,2023-05-09 00:32:26,91.686,91.707
1807,2023-05-09 00:32:28,91.685,91.706
1808,2023-05-09 00:32:33,91.686,91.707
1809,2023-05-09 00:32:34,91.69,91.711
1810,2023-05-09 00:32:35,91.691,91.712
1811,2023-05-09 00:32:41,91.688,91.709
1812,2023-05-09 00:32:43,91.687,91.708
1813,2023-05-09 00:32:47,91.689,91.71
1814,2023-05-09 00:32:50,91.688,91.709
1815,2023-05-09 00:32:53,91.689,91.71
1816,2023-05-09 00:32:54,91.69,91.711
1817,2023-05-09 00:32:55,91.689,91.71
1818,2023-05-09 00:32:59,91.69,91.711
1819,2023-05-09 00:33:00,91.69,91.711
1820,2023-05-09 00:33:01,91.686,91.707
1821,2023-05-09 00:33:01,91.679,91.7
1822,2023-05-09 00:33:01,91.68,91.701
1823,2023-05-09 00:33:02,91.684,91.705
1824,2023-05-09 00:33:02,91.685,91.706
1825,2023-05-09 00:33:04,91.686,91.707
1826,2023-05-09 00:33:05,91.685,91.706
1827,2023-05-09 00:33:07,91.686,91.707
1828,2023-05-09 00:33:09,91.685,91.706
1829,2023-05-09 00:33:09,91.684,91.705
1830,2023-05-09 00:33:10,91.678,91.699
1831,2023-05-09 00:33:10,91.68,91.701
1832,2023-05-09 00:33:11,91.677,91.698
1833,2023-05-09 00:33:11,91.676,91.697
1834,2023-05-09 00:33:12,91.679,91.7
1835,2023-05-09 00:33:13,91.68,91.701
1836,2023-05-09 00:33:13,91.681,91.702
1837,2023-05-09 00:33:16,91.676,91.697
1838,2023-05-09 00:33:19,91.678,91.699
1839,2023-05-09 00:33:20,91.679,91.7
1840,2023-05-09 00:33:25,91.677,91.698
1841,2023-05-09 00:33:28,91.679,91.7
1842,2023-05-09 00:33:28,91.678,91.699
1843,2023-05-09 00:33:30,91.679,91.7
1844,2023-05-09 00:33:35,91.68,91.701
1845,2023-05-09 00:33:35,91.681,91.702
1846,2023-05-09 00:33:36,91.68,91.701
1847,2023-05-09 00:33:37,91.677,91.698
1848,2023-05-09 00:33:38,91.675,91.696
1849,2023-05-09 00:33:38,91.67,91.691
1850,2023-05-09 00:33:39,91.669,91.69
1851,2023-05-09 00:33:39,91.67,91.691
1852,2023-05-09 00:33:40,91.671,91.692
1853,2023-05-09 00:33:40,91.675,91.696
1854,2023-05-09 00:33:41,91.674,91.695
1855,2023-05-09 00:33:42,91.676,91.697
1856,2023-05-09 00:33:43,91.675,91.696
1857,2023-05-09 00:33:44,91.677,91.698
1858,2023-05-09 00:33:44,91.678,91.699
1859,2023-05-09 00:33:45,91.677,91.698
1860,2023-05-09 00:33:46,91.676,91.697
1861,2023-05-09 00:33:47,91.671,91.692
1862,2023-05-09 00:33:47,91.67,91.691
1863,2023-05-09 00:33:47,91.669,91.69
1864,2023-05-09 00:33:49,91.668,91.689
1865,2023-05-09 00:33:50,91.673,91.694
1866,2023-05-09 00:33:56,91.672,91.693
1867,2023-05-09 00:33:58,91.673,91.694
1868,2023-05-09 00:34:00,91.673,91.694
1869,2023-05-09 00:34:06,91.67,91.691
1870,2023-05-09 00:34:06,91.672,91.693
1871,2023-05-09 00:34:07,91.673,91.694
1872,2023-05-09 00:34:09,91.671,91.692
1873,2023-05-09 00:34:16,91.674,91.695
1874,2023-05-09 00:34:16,91.677,91.698
1875,2023-05-09 00:34:16,91.678,91.699
1876,2023-05-09 00:34:18,91.674,91.695
1877,2023-05-09 00:34:19,91.673,91.694
1878,2023-05-09 00:34:23,91.677,91.698
1879,2023-05-09 00:34:24,91.678,91.699
1880,2023-05-09 00:34:24,91.674,91.695
1881,2023-05-09 00:34:28,91.678,91.699
1882,2023-05-09 00:34:30,91.675,91.696
1883,2023-05-09 00:34:30,91.674,91.695
1884,2023-05-09 00:34:32,91.676,91.697
1885,2023-05-09 00:34:32,91.677,91.698
1886,2023-05-09 00:34:34,91.676,91.697
1887,2023-05-09 00:34:36,91.675,91.696
1888,2023-05-09 00:34:36,91.676,91.697
1889,2023-05-09 00:34:38,91.677,91.698
1890,2023-05-09 00:34:42,91.674,91.695
1891,2023-05-09 00:34:47,91.671,91.692
1892,2023-05-09 00:34:47,91.672,91.693
1893,2023-05-09 00:34:49,91.671,91.692
1894,2023-05-09 00:34:54,91.673,91.694
1895,2023-05-09 00:34:56,91.669,91.69
1896,2023-05-09 00:34:57,91.67,91.691
1897,2023-05-09 00:35:00,91.67,91.691
1898,2023-05-09 00:35:05,91.667,91.688
1899,2023-05-09 00:35:05,91.67,91.691
1900,2023-05-09 00:35:05,91.671,91.692
1901,2023-05-09 00:35:06,91.669,91.69
1902,2023-05-09 00:35:07,91.668,91.689
1903,2023-05-09 00:35:07,91.669,91.69
1904,2023-05-09 00:35:07,91.67,91.691
1905,2023-05-09 00:35:08,91.668,91.689
1906,2023-05-09 00:35:08,91.669,91.69
1907,2023-05-09 00:35:08,91.668,91.689
1908,2023-05-09 00:35:09,91.667,91.688
1909,2023-05-09 00:35:14,91.663,91.684
1910,2023-05-09 00:35:16,91.664,91.685
1911,2023-05-09 00:35:17,91.665,91.686
1912,2023-05-09 00:35:17,91.666,91.687
1913,2023-05-09 00:35:18,91.665,91.686
1914,2023-05-09 00:35:20,91.666,91.687
1915,2023-05-09 00:35:21,91.665,91.686
1916,2023-05-09 00:35:23,91.666,91.687
1917,2023-05-09 00:35:28,91.665,91.686
1918,2023-05-09 00:35:34,91.663,91.684
1919,2023-05-09 00:35:35,91.664,91.685
1920,2023-05-09 00:35:35,91.663,91.684
1921,2023-05-09 00:35:35,91.664,91.685
1922,2023-05-09 00:35:37,91.665,91.686
1923,2023-05-09 00:35:38,91.666,91.687
1924,2023-05-09 00:35:38,91.667,91.688
1925,2023-05-09 00:35:38,91.666,91.687
1926,2023-05-09 00:35:41,91.664,91.685
1927,2023-05-09 00:35:42,91.665,91.686
1928,2023-05-09 00:35:45,91.666,91.687
1929,2023-05-09 00:35:56,91.665,91.686
1930,2023-05-09 00:35:57,91.662,91.683
1931,2023-05-09 00:35:58,91.661,91.682
1932,2023-05-09 00:36:00,91.661,91.682
1933,2023-05-09 00:36:01,91.662,91.683
1934,2023-05-09 00:36:01,91.661,91.682
1935,2023-05-09 00:36:03,91.66,91.681
1936,2023-05-09 00:36:06,91.661,91.682
1937,2023-05-09 00:36:06,91.663,91.684
1938,2023-05-09 00:36:06,91.664,91.685
1939,2023-05-09 00:36:07,91.663,91.684
1940,2023-05-09 00:36:09,91.662,91.683
1941,2023-05-09 00:36:12,91.661,91.682
1942,2023-05-09 00:36:12,91.66,91.681
1943,2023-05-09 00:36:17,91.661,91.682
1944,2023-05-09 00:36:19,91.662,91.683
1945,2023-05-09 00:36:23,91.663,91.684
1946,2023-05-09 00:36:24,91.662,91.683
1947,2023-05-09 00:36:25,91.661,91.682
1948,2023-05-09 00:36:26,91.66,91.681
1949,2023-05-09 00:36:27,91.662,91.683
1950,2023-05-09 00:36:29,91.66,91.681
1951,2023-05-09 00:36:30,91.657,91.678
1952,2023-05-09 00:36:30,91.656,91.677
1953,2023-05-09 00:36:32,91.657,91.678
1954,2023-05-09 00:36:32,91.656,91.677
1955,2023-05-09 00:36:33,91.657,91.678
1956,2023-05-09 00:36:33,91.656,91.677
1957,2023-05-09 00:36:40,91.655,91.676
1958,2023-05-09 00:36:41,91.657,91.678
1959,2023-05-09 00:36:41,91.656,91.677
1960,2023-05-09 00:36:41,91.654,91.675
1961,2023-05-09 00:36:42,91.655,91.676
1962,2023-05-09 00:36:44,91.654,91.675
1963,2023-05-09 00:36:45,91.653,91.674
1964,2023-05-09 00:36:52,91.654,91.675
1965,2023-05-09 00:36:56,91.653,91.674
1966,2023-05-09 00:36:57,91.654,91.675
1967,2023-05-09 00:36:57,91.655,91.676
1968,2023-05-09 00:36:59,91.654,91.675
1969,2023-05-09 00:36:59,91.653,91.674
1970,2023-05-09 00:37:00,91.653,91.674
1971,2023-05-09 00:37:04,91.652,91.673
1972,2023-05-09 00:37:04,91.65,91.671
1973,2023-05-09 00:37:05,91.649,91.67
1974,2023-05-09 00:37:05,91.652,91.673
1975,2023-05-09 00:37:08,91.653,91.674
1976,2023-05-09 00:37:15,91.654,91.675
1977,2023-05-09 00:37:20,91.653,91.674
1978,2023-05-09 00:37:23,91.654,91.675
1979,2023-05-09 00:37:23,91.653,91.674
1980,2023-05-09 00:37:24,91.654,91.675
1981,2023-05-09 00:37:27,91.657,91.678
1982,2023-05-09 00:37:28,91.662,91.683
1983,2023-05-09 00:37:28,91.659,91.68
1984,2023-05-09 00:37:28,91.657,91.678
1985,2023-05-09 00:37:29,91.658,91.679
1986,2023-05-09 00:37:30,91.66,91.681
1987,2023-05-09 00:37:31,91.659,91.68
1988,2023-05-09 00:37:32,91.663,91.684
1989,2023-05-09 00:37:32,91.662,91.683
1990,2023-05-09 00:37:32,91.661,91.682
1991,2023-05-09 00:37:33,91.66,91.681
1992,2023-05-09 00:37:35,91.659,91.68
1993,2023-05-09 00:37:37,91.658,91.679
1994,2023-05-09 00:37:39,91.657,91.678
1995,2023-05-09 00:37:40,91.659,91.68
1996,2023-05-09 00:37:40,91.657,91.678
1997,2023-05-09 00:37:40,91.655,91.676
1998,2023-05-09 00:37:41,91.654,91.675
1999,2023-05-09 00:37:42,91.655,91.676
2000,2023-05-09 00:37:44,91.654,91.675
2001,2023-05-09 00:37:47,91.651,91.672
2002,2023-05-09 00:37:48,91.646,91.667
2003,2023-05-09 00:37:48,91.645,91.666
2004,2023-05-09 00:37:48,91.646,91.667
2005,2023-05-09 00:37:48,91.645,91.666
2006,2023-05-09 00:37:49,91.646,91.667
2007,2023-05-09 00:37:51,91.645,91.666
2008,2023-05-09 00:37:51,91.646,91.667
2009,2023-05-09 00:37:52,91.647,91.668
2010,2023-05-09 00:37:53,91.645,91.666
2011,2023-05-09 00:37:53,91.646,91.667
2012,2023-05-09 00:37:55,91.647,91.668
2013,2023-05-09 00:37:55,91.646,91.667
2014,2023-05-09 00:37:58,91.647,91.668
2015,2023-05-09 00:37:59,91.644,91.665
2016,2023-05-09 00:38:00,91.644,91.665
2017,2023-05-09 00:38:01,91.643,91.664
2018,2023-05-09 00:38:01,91.636,91.657
2019,2023-05-09 00:38:02,91.638,91.659
2020,2023-05-09 00:38:02,91.639,91.66
2021,2023-05-09 00:38:02,91.638,91.659
2022,2023-05-09 00:38:03,91.637,91.658
2023,2023-05-09 00:38:03,91.638,91.659
2024,2023-05-09 00:38:07,91.639,91.66
2025,2023-05-09 00:38:07,91.64,91.661
2026,2023-05-09 00:38:08,91.639,91.66
2027,2023-05-09 00:38:10,91.64,91.661
2028,2023-05-09 00:38:13,91.639,91.66
2029,2023-05-09 00:38:14,91.643,91.664
2030,2023-05-09 00:38:15,91.647,91.668
2031,2023-05-09 00:38:17,91.645,91.666
2032,2023-05-09 00:38:18,91.644,91.665
2033,2023-05-09 00:38:18,91.645,91.666
2034,2023-05-09 00:38:19,91.647,91.668
2035,2023-05-09 00:38:19,91.646,91.667
2036,2023-05-09 00:38:24,91.647,91.668
2037,2023-05-09 00:38:24,91.646,91.667
2038,2023-05-09 00:38:25,91.647,91.668
2039,2023-05-09 00:38:28,91.649,91.67
2040,2023-05-09 00:38:37,91.648,91.669
2041,2023-05-09 00:38:38,91.649,91.67
2042,2023-05-09 00:38:38,91.648,91.669
2043,2023-05-09 00:38:38,91.649,91.67
2044,2023-05-09 00:38:39,91.647,91.668
2045,2023-05-09 00:38:41,91.649,91.67
2046,2023-05-09 00:38:41,91.648,91.669
2047,2023-05-09 00:38:43,91.647,91.668
2048,2023-05-09 00:38:47,91.648,91.669
2049,2023-05-09 00:38:48,91.647,91.668
2050,2023-05-09 00:38:50,91.648,91.669
2051,2023-05-09 00:38:50,91.647,91.668
2052,2023-05-09 00:38:54,91.648,91.669
2053,2023-05-09 00:38:55,91.646,91.667
2054,2023-05-09 00:38:55,91.644,91.665
2055,2023-05-09 00:39:00,91.644,91.665
2056,2023-05-09 00:39:00,91.643,91.664
2057,2023-05-09 00:39:01,91.641,91.662
2058,2023-05-09 00:39:01,91.64,91.661
2059,2023-05-09 00:39:02,91.639,91.66
2060,2023-05-09 00:39:02,91.637,91.658
2061,2023-05-09 00:39:05,91.638,91.659
2062,2023-05-09 00:39:06,91.637,91.658
2063,2023-05-09 00:39:06,91.638,91.659
2064,2023-05-09 00:39:07,91.637,91.658
2065,2023-05-09 00:39:07,91.635,91.656
2066,2023-05-09 00:39:09,91.636,91.657
2067,2023-05-09 00:39:13,91.638,91.659
2068,2023-05-09 00:39:14,91.634,91.655
2069,2023-05-09 00:39:14,91.633,91.654
2070,2023-05-09 00:39:15,91.634,91.655
2071,2023-05-09 00:39:15,91.635,91.656
2072,2023-05-09 00:39:18,91.634,91.655
2073,2023-05-09 00:39:19,91.635,91.656
2074,2023-05-09 00:39:19,91.634,91.655
2075,2023-05-09 00:39:19,91.635,91.656
2076,2023-05-09 00:39:21,91.636,91.657
2077,2023-05-09 00:39:23,91.637,91.658
2078,2023-05-09 00:39:23,91.639,91.66
2079,2023-05-09 00:39:24,91.637,91.658
2080,2023-05-09 00:39:25,91.638,91.659
2081,2023-05-09 00:39:25,91.641,91.662
2082,2023-05-09 00:39:26,91.642,91.663
2083,2023-05-09 00:39:27,91.645,91.666
2084,2023-05-09 00:39:30,91.64,91.661
2085,2023-05-09 00:39:31,91.641,91.662
2086,2023-05-09 00:39:32,91.64,91.661
2087,2023-05-09 00:39:33,91.641,91.662
2088,2023-05-09 00:39:34,91.64,91.661
2089,2023-05-09 00:39:37,91.641,91.662
2090,2023-05-09 00:39:37,91.64,91.661
2091,2023-05-09 00:39:37,91.639,91.66
2092,2023-05-09 00:39:38,91.638,91.659
2093,2023-05-09 00:39:38,91.639,91.66
2094,2023-05-09 00:39:39,91.638,91.659
2095,2023-05-09 00:39:40,91.639,91.66
2096,2023-05-09 00:39:40,91.636,91.657
2097,2023-05-09 00:39:40,91.637,91.658
2098,2023-05-09 00:39:41,91.638,91.659
2099,2023-05-09 00:39:43,91.639,91.66
2100,2023-05-09 00:39:49,91.638,91.659
2101,2023-05-09 00:39:50,91.639,91.66
2102,2023-05-09 00:39:52,91.64,91.661
2103,2023-05-09 00:39:55,91.641,91.662
2104,2023-05-09 00:39:55,91.643,91.664
2105,2023-05-09 00:39:55,91.642,91.663
2106,2023-05-09 00:39:55,91.641,91.662
2107,2023-05-09 00:39:57,91.642,91.663
2108,2023-05-09 00:40:00,91.643,91.664
2109,2023-05-09 00:40:02,91.645,91.666
2110,2023-05-09 00:40:02,91.643,91.664
2111,2023-05-09 00:40:03,91.641,91.662
2112,2023-05-09 00:40:03,91.64,91.661
2113,2023-05-09 00:40:04,91.639,91.66
2114,2023-05-09 00:40:08,91.641,91.662
2115,2023-05-09 00:40:09,91.64,91.661
2116,2023-05-09 00:40:10,91.638,91.659
2117,2023-05-09 00:40:10,91.635,91.656
2118,2023-05-09 00:40:11,91.634,91.655
2119,2023-05-09 00:40:11,91.632,91.653
2120,2023-05-09 00:40:11,91.633,91.654
2121,2023-05-09 00:40:11,91.634,91.655
2122,2023-05-09 00:40:12,91.633,91.654
2123,2023-05-09 00:40:12,91.634,91.655
2124,2023-05-09 00:40:13,91.635,91.656
2125,2023-05-09 00:40:15,91.636,91.657
2126,2023-05-09 00:40:16,91.638,91.659
2127,2023-05-09 00:40:16,91.636,91.657
2128,2023-05-09 00:40:18,91.637,91.658
2129,2023-05-09 00:40:19,91.636,91.657
2130,2023-05-09 00:40:19,91.637,91.658
2131,2023-05-09 00:40:25,91.636,91.657
2132,2023-05-09 00:40:25,91.637,91.658
2133,2023-05-09 00:40:26,91.636,91.657
2134,2023-05-09 00:40:32,91.637,91.658
2135,2023-05-09 00:40:33,91.636,91.657
2136,2023-05-09 00:40:35,91.637,91.658
2137,2023-05-09 00:40:36,91.636,91.657
2138,2023-05-09 00:40:37,91.638,91.659
2139,2023-05-09 00:40:37,91.639,91.66
2140,2023-05-09 00:40:38,91.642,91.663
2141,2023-05-09 00:40:39,91.639,91.66
2142,2023-05-09 00:40:42,91.64,91.661
2143,2023-05-09 00:40:43,91.639,91.66
2144,2023-05-09 00:40:45,91.64,91.661
2145,2023-05-09 00:40:49,91.639,91.66
2146,2023-05-09 00:40:50,91.637,91.658
2147,2023-05-09 00:40:51,91.636,91.657
2148,2023-05-09 00:40:51,91.637,91.658
2149,2023-05-09 00:40:52,91.635,91.656
2150,2023-05-09 00:40:53,91.636,91.657
2151,2023-05-09 00:41:00,91.631,91.652
2152,2023-05-09 00:41:02,91.63,91.651
2153,2023-05-09 00:41:09,91.631,91.652
2154,2023-05-09 00:41:17,91.623,91.644
2155,2023-05-09 00:41:18,91.622,91.643
2156,2023-05-09 00:41:19,91.618,91.639
2157,2023-05-09 00:41:20,91.617,91.638
2158,2023-05-09 00:41:20,91.616,91.637
2159,2023-05-09 00:41:20,91.619,91.64
2160,2023-05-09 00:41:21,91.618,91.639
2161,2023-05-09 00:41:21,91.622,91.643
2162,2023-05-09 00:41:22,91.623,91.644
2163,2023-05-09 00:41:22,91.622,91.643
2164,2023-05-09 00:41:23,91.623,91.644
2165,2023-05-09 00:41:23,91.624,91.645
2166,2023-05-09 00:41:27,91.623,91.644
2167,2023-05-09 00:41:30,91.616,91.637
2168,2023-05-09 00:41:31,91.618,91.639
2169,2023-05-09 00:41:31,91.617,91.638
2170,2023-05-09 00:41:35,91.618,91.639
2171,2023-05-09 00:41:37,91.617,91.638
2172,2023-05-09 00:41:38,91.618,91.639
2173,2023-05-09 00:41:38,91.617,91.638
2174,2023-05-09 00:41:40,91.618,91.639
2175,2023-05-09 00:41:42,91.619,91.64
2176,2023-05-09 00:41:42,91.617,91.638
2177,2023-05-09 00:41:43,91.616,91.637
2178,2023-05-09 00:41:46,91.618,91.639
2179,2023-05-09 00:41:48,91.619,91.64
2180,2023-05-09 00:41:49,91.622,91.643
2181,2023-05-09 00:41:49,91.623,91.644
2182,2023-05-09 00:41:53,91.624,91.645
2183,2023-05-09 00:41:54,91.623,91.644
2184,2023-05-09 00:41:58,91.624,91.645
2185,2023-05-09 00:41:59,91.626,91.647
2186,2023-05-09 00:41:59,91.625,91.646
2187,2023-05-09 00:42:00,91.625,91.646
2188,2023-05-09 00:42:00,91.624,91.645
2189,2023-05-09 00:42:04,91.627,91.648
2190,2023-05-09 00:42:09,91.628,91.649
2191,2023-05-09 00:42:09,91.629,91.65
2192,2023-05-09 00:42:10,91.628,91.649
2193,2023-05-09 00:42:11,91.629,91.65
2194,2023-05-09 00:42:13,91.63,91.651
2195,2023-05-09 00:42:14,91.633,91.654
2196,2023-05-09 00:42:17,91.635,91.656
2197,2023-05-09 00:42:18,91.636,91.657
2198,2023-05-09 00:42:25,91.635,91.656
2199,2023-05-09 00:42:27,91.636,91.657
2200,2023-05-09 00:42:28,91.638,91.659
2201,2023-05-09 00:42:28,91.641,91.662
2202,2023-05-09 00:42:32,91.642,91.663
2203,2023-05-09 00:42:33,91.641,91.662
2204,2023-05-09 00:42:39,91.642,91.663
2205,2023-05-09 00:42:39,91.643,91.664
2206,2023-05-09 00:42:41,91.645,91.666
2207,2023-05-09 00:42:41,91.646,91.667
2208,2023-05-09 00:42:42,91.645,91.666
2209,2023-05-09 00:42:43,91.643,91.664
2210,2023-05-09 00:42:44,91.646,91.667
2211,2023-05-09 00:42:51,91.645,91.666
2212,2023-05-09 00:42:51,91.644,91.665
2213,2023-05-09 00:42:52,91.642,91.663
2214,2023-05-09 00:42:56,91.636,91.657
2215,2023-05-09 00:42:56,91.635,91.656
2216,2023-05-09 00:42:57,91.636,91.657
2217,2023-05-09 00:42:58,91.635,91.656
2218,2023-05-09 00:43:00,91.635,91.656
2219,2023-05-09 00:43:02,91.639,91.66
2220,2023-05-09 00:43:02,91.638,91.659
2221,2023-05-09 00:43:05,91.637,91.658
2222,2023-05-09 00:43:05,91.638,91.659
2223,2023-05-09 00:43:05,91.64,91.661
2224,2023-05-09 00:43:05,91.641,91.662
2225,2023-05-09 00:43:06,91.64,91.661
2226,2023-05-09 00:43:07,91.637,91.658
2227,2023-05-09 00:43:09,91.636,91.657
2228,2023-05-09 00:43:09,91.637,91.658
2229,2023-05-09 00:43:10,91.635,91.656
2230,2023-05-09 00:43:12,91.634,91.655
2231,2023-05-09 00:43:15,91.635,91.656
2232,2023-05-09 00:43:21,91.637,91.658
2233,2023-05-09 00:43:22,91.638,91.659
2234,2023-05-09 00:43:22,91.639,91.66
2235,2023-05-09 00:43:25,91.641,91.662
2236,2023-05-09 00:43:25,91.642,91.663
2237,2023-05-09 00:43:25,91.643,91.664
2238,2023-05-09 00:43:28,91.64,91.661
2239,2023-05-09 00:43:29,91.642,91.663
2240,2023-05-09 00:43:29,91.643,91.664
2241,2023-05-09 00:43:33,91.639,91.66
2242,2023-05-09 00:43:33,91.641,91.662
2243,2023-05-09 00:43:36,91.643,91.664
2244,2023-05-09 00:43:39,91.644,91.665
2245,2023-05-09 00:43:39,91.645,91.666
2246,2023-05-09 00:43:40,91.644,91.665
2247,2023-05-09 00:43:41,91.643,91.664
2248,2023-05-09 00:43:41,91.644,91.665
2249,2023-05-09 00:43:48,91.643,91.664
2250,2023-05-09 00:43:48,91.644,91.665
2251,2023-05-09 00:43:52,91.643,91.664
2252,2023-05-09 00:43:53,91.644,91.665
2253,2023-05-09 00:43:56,91.643,91.664
2254,2023-05-09 00:43:57,91.644,91.665
2255,2023-05-09 00:43:58,91.646,91.667
2256,2023-05-09 00:43:58,91.645,91.666
2257,2023-05-09 00:43:58,91.646,91.667
2258,2023-05-09 00:44:00,91.646,91.667
2259,2023-05-09 00:44:03,91.645,91.666
2260,2023-05-09 00:44:03,91.646,91.667
2261,2023-05-09 00:44:04,91.645,91.666
2262,2023-05-09 00:44:09,91.652,91.673
2263,2023-05-09 00:44:09,91.653,91.674
2264,2023-05-09 00:44:10,91.652,91.673
2265,2023-05-09 00:44:11,91.653,91.674
2266,2023-05-09 00:44:13,91.652,91.673
2267,2023-05-09 00:44:14,91.651,91.672
2268,2023-05-09 00:44:16,91.65,91.671
2269,2023-05-09 00:44:19,91.649,91.67
2270,2023-05-09 00:44:21,91.65,91.671
2271,2023-05-09 00:44:22,91.649,91.67
2272,2023-05-09 00:44:23,91.65,91.671
2273,2023-05-09 00:44:24,91.651,91.672
2274,2023-05-09 00:44:25,91.649,91.67
2275,2023-05-09 00:44:31,91.653,91.674
2276,2023-05-09 00:44:34,91.654,91.675
2277,2023-05-09 00:44:36,91.653,91.674
2278,2023-05-09 00:44:41,91.654,91.675
2279,2023-05-09 00:44:44,91.655,91.676
2280,2023-05-09 00:44:46,91.65,91.671
2281,2023-05-09 00:44:47,91.651,91.672
2282,2023-05-09 00:44:47,91.648,91.669
2283,2023-05-09 00:44:48,91.649,91.67
2284,2023-05-09 00:44:49,91.648,91.669
2285,2023-05-09 00:44:50,91.65,91.671
2286,2023-05-09 00:44:51,91.652,91.673
2287,2023-05-09 00:44:51,91.653,91.674
2288,2023-05-09 00:44:52,91.651,91.672
2289,2023-05-09 00:44:52,91.65,91.671
2290,2023-05-09 00:44:54,91.651,91.672
2291,2023-05-09 00:44:56,91.65,91.671
2292,2023-05-09 00:44:57,91.651,91.672
2293,2023-05-09 00:44:57,91.652,91.673
2294,2023-05-09 00:44:58,91.653,91.674
2295,2023-05-09 00:44:59,91.652,91.673
2296,2023-05-09 00:45:00,91.652,91.673
2297,2023-05-09 00:45:00,91.65,91.671
2298,2023-05-09 00:45:00,91.652,91.673
2299,2023-05-09 00:45:01,91.651,91.672
2300,2023-05-09 00:45:01,91.649,91.67
2301,2023-05-09 00:45:02,91.648,91.669
2302,2023-05-09 00:45:03,91.649,91.67
2303,2023-05-09 00:45:03,91.648,91.669
2304,2023-05-09 00:45:06,91.649,91.67
2305,2023-05-09 00:45:07,91.648,91.669
2306,2023-05-09 00:45:09,91.649,91.67
2307,2023-05-09 00:45:11,91.647,91.668
2308,2023-05-09 00:45:11,91.648,91.669
2309,2023-05-09 00:45:12,91.649,91.67
2310,2023-05-09 00:45:13,91.65,91.671
2311,2023-05-09 00:45:13,91.649,91.67
2312,2023-05-09 00:45:16,91.648,91.669
2313,2023-05-09 00:45:20,91.645,91.666
2314,2023-05-09 00:45:20,91.647,91.668
2315,2023-05-09 00:45:26,91.646,91.667
2316,2023-05-09 00:45:26,91.643,91.664
2317,2023-05-09 00:45:26,91.639,91.66
2318,2023-05-09 00:45:28,91.64,91.661
2319,2023-05-09 00:45:28,91.641,91.662
2320,2023-05-09 00:45:29,91.642,91.663
2321,2023-05-09 00:45:29,91.641,91.662
2322,2023-05-09 00:45:30,91.639,91.66
2323,2023-05-09 00:45:31,91.638,91.659
2324,2023-05-09 00:45:36,91.639,91.66
2325,2023-05-09 00:45:39,91.638,91.659
2326,2023-05-09 00:45:41,91.636,91.657
2327,2023-05-09 00:45:43,91.637,91.658
2328,2023-05-09 00:45:43,91.638,91.659
2329,2023-05-09 00:45:45,91.639,91.66
2330,2023-05-09 00:45:46,91.64,91.661
2331,2023-05-09 00:45:48,91.641,91.662
2332,2023-05-09 00:45:49,91.642,91.663
2333,2023-05-09 00:45:49,91.641,91.662
2334,2023-05-09 00:45:51,91.64,91.661
2335,2023-05-09 00:45:51,91.641,91.662
2336,2023-05-09 00:45:54,91.64,91.661
2337,2023-05-09 00:45:55,91.635,91.656
2338,2023-05-09 00:45:55,91.637,91.658
2339,2023-05-09 00:45:55,91.639,91.66
2340,2023-05-09 00:46:00,91.639,91.66
2341,2023-05-09 00:46:02,91.641,91.662
2342,2023-05-09 00:46:05,91.64,91.661
2343,2023-05-09 00:46:08,91.641,91.662
2344,2023-05-09 00:46:08,91.644,91.665
2345,2023-05-09 00:46:08,91.645,91.666
2346,2023-05-09 00:46:09,91.647,91.668
2347,2023-05-09 00:46:09,91.645,91.666
2348,2023-05-09 00:46:10,91.646,91.667
2349,2023-05-09 00:46:11,91.647,91.668
2350,2023-05-09 00:46:11,91.648,91.669
2351,2023-05-09 00:46:12,91.65,91.671
2352,2023-05-09 00:46:13,91.648,91.669
2353,2023-05-09 00:46:13,91.65,91.671
2354,2023-05-09 00:46:14,91.648,91.669
2355,2023-05-09 00:46:14,91.649,91.67
2356,2023-05-09 00:46:15,91.648,91.669
2357,2023-05-09 00:46:20,91.644,91.665
2358,2023-05-09 00:46:20,91.645,91.666
2359,2023-05-09 00:46:23,91.646,91.667
2360,2023-05-09 00:46:23,91.645,91.666
2361,2023-05-09 00:46:24,91.644,91.665
2362,2023-05-09 00:46:35,91.645,91.666
2363,2023-05-09 00:46:35,91.644,91.665
2364,2023-05-09 00:46:38,91.645,91.666
2365,2023-05-09 00:46:39,91.644,91.665
2366,2023-05-09 00:46:39,91.645,91.666
2367,2023-05-09 00:46:40,91.644,91.665
2368,2023-05-09 00:46:44,91.643,91.664
2369,2023-05-09 00:46:45,91.645,91.666
2370,2023-05-09 00:46:45,91.644,91.665
2371,2023-05-09 00:46:52,91.645,91.666
2372,2023-05-09 00:46:55,91.639,91.66
2373,2023-05-09 00:46:55,91.637,91.658
2374,2023-05-09 00:46:56,91.639,91.66
2375,2023-05-09 00:46:58,91.64,91.661
2376,2023-05-09 00:47:00,91.64,91.661
2377,2023-05-09 00:47:03,91.641,91.662
2378,2023-05-09 00:47:06,91.642,91.663
2379,2023-05-09 00:47:08,91.641,91.662
2380,2023-05-09 00:47:09,91.642,91.663
2381,2023-05-09 00:47:10,91.641,91.662
2382,2023-05-09 00:47:10,91.639,91.66
2383,2023-05-09 00:47:12,91.638,91.659
2384,2023-05-09 00:47:13,91.639,91.66
2385,2023-05-09 00:47:13,91.638,91.659
2386,2023-05-09 00:47:15,91.639,91.66
2387,2023-05-09 00:47:16,91.64,91.661
2388,2023-05-09 00:47:17,91.644,91.665
2389,2023-05-09 00:47:19,91.646,91.667
2390,2023-05-09 00:47:20,91.649,91.67
2391,2023-05-09 00:47:21,91.65,91.671
2392,2023-05-09 00:47:22,91.649,91.67
2393,2023-05-09 00:47:22,91.651,91.672
2394,2023-05-09 00:47:23,91.65,91.671
2395,2023-05-09 00:47:23,91.649,91.67
2396,2023-05-09 00:47:27,91.65,91.671
2397,2023-05-09 00:47:27,91.649,91.67
2398,2023-05-09 00:47:27,91.648,91.669
2399,2023-05-09 00:47:28,91.649,91.67
2400,2023-05-09 00:47:28,91.65,91.671
2401,2023-05-09 00:47:28,91.649,91.67
2402,2023-05-09 00:47:30,91.643,91.664
2403,2023-05-09 00:47:30,91.642,91.663
2404,2023-05-09 00:47:30,91.641,91.662
2405,2023-05-09 00:47:31,91.642,91.663
2406,2023-05-09 00:47:31,91.641,91.662
2407,2023-05-09 00:47:33,91.642,91.663
2408,2023-05-09 00:47:34,91.641,91.662
2409,2023-05-09 00:47:35,91.642,91.663
2410,2023-05-09 00:47:36,91.641,91.662
2411,2023-05-09 00:47:38,91.64,91.661
2412,2023-05-09 00:47:38,91.639,91.66
2413,2023-05-09 00:47:39,91.638,91.659
2414,2023-05-09 00:47:40,91.637,91.658
2415,2023-05-09 00:47:46,91.639,91.66
2416,2023-05-09 00:47:54,91.638,91.659
2417,2023-05-09 00:47:55,91.639,91.66
2418,2023-05-09 00:47:56,91.638,91.659
2419,2023-05-09 00:47:57,91.639,91.66
2420,2023-05-09 00:48:00,91.639,91.66
2421,2023-05-09 00:48:04,91.641,91.662
2422,2023-05-09 00:48:04,91.642,91.663
2423,2023-05-09 00:48:07,91.64,91.661
2424,2023-05-09 00:48:10,91.639,91.66
2425,2023-05-09 00:48:10,91.64,91.661
2426,2023-05-09 00:48:11,91.641,91.662
2427,2023-05-09 00:48:11,91.64,91.661
2428,2023-05-09 00:48:14,91.641,91.662
2429,2023-05-09 00:48:14,91.64,91.661
2430,2023-05-09 00:48:15,91.641,91.662
2431,2023-05-09 00:48:15,91.64,91.661
2432,2023-05-09 00:48:15,91.641,91.662
2433,2023-05-09 00:48:16,91.64,91.661
2434,2023-05-09 00:48:16,91.639,91.66
2435,2023-05-09 00:48:17,91.64,91.661
2436,2023-05-09 00:48:17,91.639,91.66
2437,2023-05-09 00:48:18,91.64,91.661
2438,2023-05-09 00:48:22,91.642,91.663
2439,2023-05-09 00:48:22,91.643,91.664
2440,2023-05-09 00:48:23,91.642,91.663
2441,2023-05-09 00:48:25,91.641,91.662
2442,2023-05-09 00:48:27,91.642,91.663
2443,2023-05-09 00:48:27,91.641,91.662
2444,2023-05-09 00:48:29,91.642,91.663
2445,2023-05-09 00:48:29,91.641,91.662
2446,2023-05-09 00:48:29,91.642,91.663
2447,2023-05-09 00:48:30,91.643,91.664
2448,2023-05-09 00:48:32,91.642,91.663
2449,2023-05-09 00:48:32,91.641,91.662
2450,2023-05-09 00:48:32,91.636,91.657
2451,2023-05-09 00:48:33,91.637,91.658
2452,2023-05-09 00:48:33,91.638,91.659
2453,2023-05-09 00:48:36,91.639,91.66
2454,2023-05-09 00:48:37,91.64,91.661
2455,2023-05-09 00:48:38,91.641,91.662
2456,2023-05-09 00:48:39,91.64,91.661
2457,2023-05-09 00:48:41,91.639,91.66
2458,2023-05-09 00:48:42,91.641,91.662
2459,2023-05-09 00:48:47,91.638,91.659
2460,2023-05-09 00:48:47,91.636,91.657
2461,2023-05-09 00:48:48,91.637,91.658
2462,2023-05-09 00:48:48,91.636,91.657
2463,2023-05-09 00:48:52,91.637,91.658
2464,2023-05-09 00:48:53,91.636,91.657
2465,2023-05-09 00:48:55,91.635,91.656
2466,2023-05-09 00:48:58,91.634,91.655
2467,2023-05-09 00:48:59,91.635,91.656
2468,2023-05-09 00:49:00,91.635,91.656
2469,2023-05-09 00:49:00,91.634,91.655
2470,2023-05-09 00:49:01,91.635,91.656
2471,2023-05-09 00:49:02,91.637,91.658
2472,2023-05-09 00:49:02,91.64,91.661
2473,2023-05-09 00:49:02,91.639,91.66
2474,2023-05-09 00:49:03,91.637,91.658
2475,2023-05-09 00:49:03,91.638,91.659
2476,2023-05-09 00:49:03,91.637,91.658
2477,2023-05-09 00:49:04,91.638,91.659
2478,2023-05-09 00:49:04,91.637,91.658
2479,2023-05-09 00:49:05,91.64,91.661
2480,2023-05-09 00:49:06,91.639,91.66
2481,2023-05-09 00:49:06,91.638,91.659
2482,2023-05-09 00:49:06,91.639,91.66
2483,2023-05-09 00:49:06,91.638,91.659
2484,2023-05-09 00:49:07,91.636,91.657
2485,2023-05-09 00:49:07,91.635,91.656
2486,2023-05-09 00:49:08,91.637,91.658
2487,2023-05-09 00:49:09,91.635,91.656
2488,2023-05-09 00:49:09,91.634,91.655
2489,2023-05-09 00:49:12,91.635,91.656
2490,2023-05-09 00:49:13,91.634,91.655
2491,2023-05-09 00:49:14,91.635,91.656
2492,2023-05-09 00:49:17,91.631,91.652
2493,2023-05-09 00:49:17,91.632,91.653
2494,2023-05-09 00:49:17,91.633,91.654
2495,2023-05-09 00:49:21,91.634,91.655
2496,2023-05-09 00:49:22,91.63,91.651
2497,2023-05-09 00:49:26,91.631,91.652
2498,2023-05-09 00:49:30,91.633,91.654
2499,2023-05-09 00:49:31,91.632,91.653
2500,2023-05-09 00:49:34,91.631,91.652
2501,2023-05-09 00:49:36,91.632,91.653
2502,2023-05-09 00:49:36,91.631,91.652
2503,2023-05-09 00:49:37,91.632,91.653
2504,2023-05-09 00:49:38,91.627,91.648
2505,2023-05-09 00:49:39,91.626,91.647
2506,2023-05-09 00:49:41,91.627,91.648
2507,2023-05-09 00:49:41,91.626,91.647
2508,2023-05-09 00:49:42,91.627,91.648
2509,2023-05-09 00:49:42,91.628,91.649
2510,2023-05-09 00:49:43,91.629,91.65
2511,2023-05-09 00:49:44,91.628,91.649
2512,2023-05-09 00:49:46,91.629,91.65
2513,2023-05-09 00:49:47,91.633,91.654
2514,2023-05-09 00:49:47,91.637,91.658
2515,2023-05-09 00:49:47,91.638,91.659
2516,2023-05-09 00:49:49,91.637,91.658
2517,2023-05-09 00:49:49,91.638,91.659
2518,2023-05-09 00:49:52,91.637,91.658
2519,2023-05-09 00:49:53,91.638,91.659
2520,2023-05-09 00:49:54,91.639,91.66
2521,2023-05-09 00:49:54,91.633,91.654
2522,2023-05-09 00:49:55,91.634,91.655
2523,2023-05-09 00:49:55,91.633,91.654
2524,2023-05-09 00:49:58,91.635,91.656
2525,2023-05-09 00:49:59,91.636,91.657
2526,2023-05-09 00:50:00,91.635,91.656
2527,2023-05-09 00:50:02,91.634,91.655
2528,2023-05-09 00:50:03,91.633,91.654
2529,2023-05-09 00:50:04,91.635,91.656
2530,2023-05-09 00:50:05,91.636,91.657
2531,2023-05-09 00:50:05,91.633,91.654
2532,2023-05-09 00:50:05,91.631,91.652
2533,2023-05-09 00:50:06,91.634,91.655
2534,2023-05-09 00:50:06,91.636,91.657
2535,2023-05-09 00:50:06,91.634,91.655
2536,2023-05-09 00:50:07,91.635,91.656
2537,2023-05-09 00:50:07,91.638,91.659
2538,2023-05-09 00:50:09,91.639,91.66
2539,2023-05-09 00:50:10,91.64,91.661
2540,2023-05-09 00:50:10,91.641,91.662
2541,2023-05-09 00:50:13,91.642,91.663
2542,2023-05-09 00:50:15,91.643,91.664
2543,2023-05-09 00:50:15,91.644,91.665
2544,2023-05-09 00:50:18,91.64,91.661
2545,2023-05-09 00:50:19,91.641,91.662
2546,2023-05-09 00:50:20,91.642,91.663
2547,2023-05-09 00:50:20,91.641,91.662
2548,2023-05-09 00:50:21,91.642,91.663
2549,2023-05-09 00:50:23,91.643,91.664
2550,2023-05-09 00:50:24,91.644,91.665
2551,2023-05-09 00:50:24,91.643,91.664
2552,2023-05-09 00:50:26,91.642,91.663
2553,2023-05-09 00:50:28,91.644,91.665
2554,2023-05-09 00:50:28,91.645,91.666
2555,2023-05-09 00:50:30,91.644,91.665
2556,2023-05-09 00:50:31,91.645,91.666
2557,2023-05-09 00:50:33,91.648,91.669
2558,2023-05-09 00:50:33,91.649,91.67
2559,2023-05-09 00:50:35,91.645,91.666
2560,2023-05-09 00:50:35,91.644,91.665
2561,2023-05-09 00:50:35,91.643,91.664
2562,2023-05-09 00:50:36,91.645,91.666
2563,2023-05-09 00:50:38,91.646,91.667
2564,2023-05-09 00:50:41,91.644,91.665
2565,2023-05-09 00:50:41,91.643,91.664
2566,2023-05-09 00:50:42,91.644,91.665
2567,2023-05-09 00:50:43,91.645,91.666
2568,2023-05-09 00:50:44,91.646,91.667
2569,2023-05-09 00:50:45,91.645,91.666
2570,2023-05-09 00:50:45,91.648,91.669
2571,2023-05-09 00:50:46,91.647,91.668
2572,2023-05-09 00:50:47,91.648,91.669
2573,2023-05-09 00:50:48,91.647,91.668
2574,2023-05-09 00:50:49,91.646,91.667
2575,2023-05-09 00:50:50,91.647,91.668
2576,2023-05-09 00:50:51,91.648,91.669
2577,2023-05-09 00:50:52,91.649,91.67
2578,2023-05-09 00:50:52,91.65,91.671
2579,2023-05-09 00:50:53,91.649,91.67
2580,2023-05-09 00:50:53,91.648,91.669
2581,2023-05-09 00:50:53,91.645,91.666
2582,2023-05-09 00:50:54,91.642,91.663
2583,2023-05-09 00:50:56,91.643,91.664
2584,2023-05-09 00:50:56,91.644,91.665
2585,2023-05-09 00:50:58,91.643,91.664
2586,2023-05-09 00:50:58,91.644,91.665
2587,2023-05-09 00:51:00,91.644,91.665
2588,2023-05-09 00:51:00,91.646,91.667
2589,2023-05-09 00:51:00,91.647,91.668
2590,2023-05-09 00:51:01,91.646,91.667
2591,2023-05-09 00:51:01,91.647,91.668
2592,2023-05-09 00:51:02,91.648,91.669
2593,2023-05-09 00:51:04,91.646,91.667
2594,2023-05-09 00:51:05,91.648,91.669
2595,2023-05-09 00:51:05,91.649,91.67
2596,2023-05-09 00:51:06,91.65,91.671
2597,2023-05-09 00:51:07,91.649,91.67
2598,2023-05-09 00:51:07,91.648,91.669
2599,2023-05-09 00:51:08,91.649,91.67
2600,2023-05-09 00:51:08,91.651,91.672
2601,2023-05-09 00:51:08,91.653,91.674
2602,2023-05-09 00:51:10,91.654,91.675
2603,2023-05-09 00:51:11,91.653,91.674
2604,2023-05-09 00:51:11,91.655,91.676
2605,2023-05-09 00:51:12,91.654,91.675
