,time,bid,ask
0,2023-05-09 00:00:00,1.4702899999999999,1.47062
1,2023-05-09 00:00:01,1.47035,1.47068
2,2023-05-09 00:00:01,1.47032,1.47065
3,2023-05-09 00:00:01,1.4703300000000001,1.47066
4,2023-05-09 00:00:01,1.47036,1.47069
5,2023-05-09 00:00:02,1.47035,1.47068
6,2023-05-09 00:00:02,1.4703300000000001,1.47066
7,2023-05-09 00:00:03,1.47035,1.47068
8,2023-05-09 00:00:04,1.47034,1.47067
9,2023-05-09 00:00:05,1.47035,1.47068
10,2023-05-09 00:00:06,1.47037,1.4707
11,2023-05-09 00:00:07,1.47036,1.47069
12,2023-05-09 00:00:08,1.47037,1.4707
13,2023-05-09 00:00:08,1.47036,1.47069
14,2023-05-09 00:00:09,1.4703300000000001,1.47066
15,2023-05-09 00:00:09,1.47031,1.47064
16,2023-05-09 00:00:09,1.4703300000000001,1.47066
17,2023-05-09 00:00:10,1.47031,1.47064
18,2023-05-09 00:00:10,1.47032,1.47065
19,2023-05-09 00:00:11,1.4703300000000001,1.47066
20,2023-05-09 00:00:11,1.47031,1.47064
21,2023-05-09 00:00:12,1.47025,1.47058
22,2023-05-09 00:00:12,1.4702600000000001,1.47059
23,2023-05-09 00:00:13,1.47025,1.47058
24,2023-05-09 00:00:15,1.47024,1.47057
25,2023-05-09 00:00:15,1.47025,1.47058
26,2023-05-09 00:00:16,1.47028,1.47061
27,2023-05-09 00:00:16,1.4702899999999999,1.47062
28,2023-05-09 00:00:18,1.4703,1.4706299999999999
29,2023-05-09 00:00:20,1.47031,1.47064
30,2023-05-09 00:00:21,1.4703,1.4706299999999999
31,2023-05-09 00:00:25,1.4703300000000001,1.47066
32,2023-05-09 00:00:26,1.47034,1.47067
33,2023-05-09 00:00:26,1.47036,1.47069
34,2023-05-09 00:00:27,1.47035,1.47068
35,2023-05-09 00:00:27,1.47036,1.47069
36,2023-05-09 00:00:28,1.47035,1.47068
37,2023-05-09 00:00:30,1.47028,1.47061
38,2023-05-09 00:00:30,1.47027,1.4706000000000001
39,2023-05-09 00:00:31,1.47024,1.47057
40,2023-05-09 00:00:31,1.47031,1.47064
41,2023-05-09 00:00:31,1.47032,1.47065
42,2023-05-09 00:00:32,1.47034,1.47067
43,2023-05-09 00:00:32,1.47035,1.47068
44,2023-05-09 00:00:32,1.47037,1.4707
45,2023-05-09 00:00:36,1.47036,1.47069
46,2023-05-09 00:00:38,1.47037,1.4707
47,2023-05-09 00:00:38,1.47036,1.47069
48,2023-05-09 00:00:40,1.4703300000000001,1.47066
49,2023-05-09 00:00:40,1.4703,1.4706299999999999
50,2023-05-09 00:00:41,1.4702899999999999,1.47062
51,2023-05-09 00:00:41,1.47028,1.47061
52,2023-05-09 00:00:42,1.4702600000000001,1.47059
53,2023-05-09 00:00:42,1.47023,1.4705599999999999
54,2023-05-09 00:00:43,1.47025,1.47058
55,2023-05-09 00:00:43,1.4702600000000001,1.47059
56,2023-05-09 00:00:44,1.4702,1.4705300000000001
57,2023-05-09 00:00:47,1.47022,1.47055
58,2023-05-09 00:00:51,1.47023,1.4705599999999999
59,2023-05-09 00:00:54,1.4702,1.4705300000000001
60,2023-05-09 00:00:54,1.47019,1.47052
61,2023-05-09 00:00:55,1.4702,1.4705300000000001
62,2023-05-09 00:00:56,1.47019,1.47052
63,2023-05-09 00:00:57,1.47016,1.47049
64,2023-05-09 00:01:00,1.47016,1.47049
65,2023-05-09 00:01:00,1.47014,1.47047
66,2023-05-09 00:01:04,1.47013,1.47046
67,2023-05-09 00:01:04,1.47012,1.47045
68,2023-05-09 00:01:05,1.47013,1.47046
69,2023-05-09 00:01:05,1.47015,1.47048
70,2023-05-09 00:01:06,1.47014,1.47047
71,2023-05-09 00:01:10,1.47016,1.47049
72,2023-05-09 00:01:10,1.47012,1.47045
73,2023-05-09 00:01:11,1.4701,1.47043
74,2023-05-09 00:01:12,1.47012,1.47045
75,2023-05-09 00:01:14,1.47014,1.47047
76,2023-05-09 00:01:19,1.47015,1.47048
77,2023-05-09 00:01:20,1.47014,1.47047
78,2023-05-09 00:01:20,1.47016,1.47049
79,2023-05-09 00:01:22,1.47017,1.4705
80,2023-05-09 00:01:24,1.47014,1.47047
81,2023-05-09 00:01:26,1.47016,1.47049
82,2023-05-09 00:01:27,1.47017,1.4705
83,2023-05-09 00:01:29,1.47018,1.47051
84,2023-05-09 00:01:30,1.47017,1.4705
85,2023-05-09 00:01:31,1.47016,1.47049
86,2023-05-09 00:01:32,1.47017,1.4705
87,2023-05-09 00:01:33,1.47016,1.47049
88,2023-05-09 00:01:36,1.47015,1.47048
89,2023-05-09 00:01:37,1.47016,1.47049
90,2023-05-09 00:01:39,1.47015,1.47048
91,2023-05-09 00:01:40,1.47016,1.47049
92,2023-05-09 00:01:41,1.47014,1.47047
93,2023-05-09 00:01:43,1.47015,1.47048
94,2023-05-09 00:01:43,1.47014,1.47047
95,2023-05-09 00:01:43,1.47013,1.47046
96,2023-05-09 00:01:45,1.47015,1.47048
97,2023-05-09 00:01:45,1.47017,1.4705
98,2023-05-09 00:01:47,1.47014,1.47047
99,2023-05-09 00:01:48,1.47004,1.47037
100,2023-05-09 00:01:48,1.47009,1.47042
101,2023-05-09 00:01:49,1.47007,1.4704
102,2023-05-09 00:01:50,1.47009,1.47042
103,2023-05-09 00:01:50,1.47014,1.47047
104,2023-05-09 00:01:52,1.47015,1.47048
105,2023-05-09 00:01:52,1.47014,1.47047
106,2023-05-09 00:01:53,1.47009,1.47042
107,2023-05-09 00:01:53,1.47011,1.47044
108,2023-05-09 00:01:53,1.47012,1.47045
109,2023-05-09 00:01:54,1.47011,1.47044
110,2023-05-09 00:01:54,1.47012,1.47045
111,2023-05-09 00:01:54,1.47014,1.47047
112,2023-05-09 00:02:00,1.47007,1.4704
113,2023-05-09 00:02:00,1.47009,1.47042
114,2023-05-09 00:02:01,1.4701,1.47043
115,2023-05-09 00:02:02,1.47009,1.47042
116,2023-05-09 00:02:03,1.4701,1.47043
117,2023-05-09 00:02:07,1.47012,1.47045
118,2023-05-09 00:02:07,1.47018,1.47051
119,2023-05-09 00:02:08,1.47015,1.47048
120,2023-05-09 00:02:09,1.47014,1.47047
121,2023-05-09 00:02:09,1.47016,1.47049
122,2023-05-09 00:02:11,1.47018,1.47051
123,2023-05-09 00:02:12,1.4702,1.4705300000000001
124,2023-05-09 00:02:13,1.47018,1.47051
125,2023-05-09 00:02:14,1.47017,1.4705
126,2023-05-09 00:02:15,1.47013,1.47046
127,2023-05-09 00:02:18,1.47012,1.47045
128,2023-05-09 00:02:29,1.47016,1.47049
129,2023-05-09 00:02:30,1.47012,1.47045
130,2023-05-09 00:02:30,1.47011,1.47044
131,2023-05-09 00:02:32,1.47013,1.47046
132,2023-05-09 00:02:33,1.47011,1.47044
133,2023-05-09 00:02:39,1.47008,1.47041
134,2023-05-09 00:02:44,1.47006,1.47039
135,2023-05-09 00:02:48,1.47007,1.4704
136,2023-05-09 00:02:53,1.47005,1.47038
137,2023-05-09 00:02:53,1.47006,1.47039
138,2023-05-09 00:02:53,1.47005,1.47038
139,2023-05-09 00:02:54,1.46998,1.47031
140,2023-05-09 00:02:54,1.4699900000000001,1.47032
141,2023-05-09 00:02:55,1.47003,1.47036
142,2023-05-09 00:02:58,1.4700199999999999,1.47035
143,2023-05-09 00:02:59,1.47001,1.47034
144,2023-05-09 00:03:00,1.47001,1.47034
145,2023-05-09 00:03:01,1.46998,1.47031
146,2023-05-09 00:03:06,1.4699900000000001,1.47032
147,2023-05-09 00:03:07,1.47,1.4703300000000001
148,2023-05-09 00:03:08,1.47003,1.47036
149,2023-05-09 00:03:08,1.47004,1.47037
150,2023-05-09 00:03:09,1.47,1.4703300000000001
151,2023-05-09 00:03:09,1.46998,1.47031
152,2023-05-09 00:03:13,1.46994,1.47027
153,2023-05-09 00:03:16,1.4699499999999999,1.47028
154,2023-05-09 00:03:17,1.4699900000000001,1.47032
155,2023-05-09 00:03:20,1.47,1.4703300000000001
156,2023-05-09 00:03:21,1.47001,1.47034
157,2023-05-09 00:03:21,1.4700199999999999,1.47035
158,2023-05-09 00:03:21,1.47,1.4703300000000001
159,2023-05-09 00:03:22,1.4699900000000001,1.47032
160,2023-05-09 00:03:22,1.46998,1.47031
161,2023-05-09 00:03:22,1.46997,1.4703
162,2023-05-09 00:03:23,1.4699900000000001,1.47032
163,2023-05-09 00:03:24,1.46994,1.47027
164,2023-05-09 00:03:25,1.46993,1.4702600000000001
165,2023-05-09 00:03:26,1.4699,1.47023
166,2023-05-09 00:03:30,1.46986,1.47019
167,2023-05-09 00:03:30,1.46988,1.47021
168,2023-05-09 00:03:31,1.46987,1.4702
169,2023-05-09 00:03:32,1.46984,1.47017
170,2023-05-09 00:03:35,1.46988,1.47021
171,2023-05-09 00:03:35,1.46986,1.47019
172,2023-05-09 00:03:36,1.46987,1.4702
173,2023-05-09 00:03:36,1.46986,1.47019
174,2023-05-09 00:03:40,1.46987,1.4702
175,2023-05-09 00:03:44,1.46983,1.47016
176,2023-05-09 00:03:45,1.4698,1.47013
177,2023-05-09 00:03:46,1.46979,1.47012
178,2023-05-09 00:03:46,1.46982,1.47015
179,2023-05-09 00:03:48,1.46983,1.47016
180,2023-05-09 00:03:49,1.46982,1.47015
181,2023-05-09 00:03:50,1.46975,1.47008
182,2023-05-09 00:03:50,1.46978,1.47011
183,2023-05-09 00:03:52,1.46979,1.47012
184,2023-05-09 00:03:52,1.4698,1.47013
185,2023-05-09 00:03:53,1.46977,1.4701
186,2023-05-09 00:03:53,1.46979,1.47012
187,2023-05-09 00:03:53,1.46974,1.47007
188,2023-05-09 00:03:54,1.46975,1.47008
189,2023-05-09 00:03:55,1.46977,1.4701
190,2023-05-09 00:03:55,1.46979,1.47012
191,2023-05-09 00:03:55,1.46978,1.47011
192,2023-05-09 00:03:56,1.46979,1.47012
193,2023-05-09 00:03:56,1.4698,1.47013
194,2023-05-09 00:03:58,1.46976,1.47009
195,2023-05-09 00:03:59,1.46981,1.47014
196,2023-05-09 00:03:59,1.46979,1.47012
197,2023-05-09 00:04:00,1.46979,1.47012
198,2023-05-09 00:04:02,1.46976,1.47009
199,2023-05-09 00:04:04,1.46978,1.47011
200,2023-05-09 00:04:06,1.46976,1.47009
201,2023-05-09 00:04:09,1.46975,1.47008
202,2023-05-09 00:04:15,1.4697200000000001,1.47005
203,2023-05-09 00:04:15,1.46975,1.47008
204,2023-05-09 00:04:15,1.46974,1.47007
205,2023-05-09 00:04:21,1.46975,1.47008
206,2023-05-09 00:04:25,1.46982,1.47015
207,2023-05-09 00:04:25,1.46986,1.47019
208,2023-05-09 00:04:27,1.46987,1.4702
209,2023-05-09 00:04:27,1.46984,1.47017
210,2023-05-09 00:04:27,1.46985,1.47018
211,2023-05-09 00:04:41,1.46984,1.47017
212,2023-05-09 00:04:42,1.46983,1.47016
213,2023-05-09 00:04:44,1.46984,1.47017
214,2023-05-09 00:04:48,1.46983,1.47016
215,2023-05-09 00:04:54,1.46981,1.47014
216,2023-05-09 00:05:00,1.46981,1.47014
217,2023-05-09 00:05:02,1.46982,1.47015
218,2023-05-09 00:05:03,1.46983,1.47016
219,2023-05-09 00:05:12,1.46984,1.47017
220,2023-05-09 00:05:15,1.46982,1.47015
221,2023-05-09 00:05:18,1.46977,1.4701
222,2023-05-09 00:05:20,1.4698,1.47013
223,2023-05-09 00:05:21,1.46983,1.47016
224,2023-05-09 00:05:24,1.46982,1.47015
225,2023-05-09 00:05:26,1.46983,1.47016
226,2023-05-09 00:05:27,1.46979,1.47012
227,2023-05-09 00:05:27,1.46978,1.47011
228,2023-05-09 00:05:27,1.46977,1.4701
229,2023-05-09 00:05:28,1.46976,1.47009
230,2023-05-09 00:05:30,1.46974,1.47007
231,2023-05-09 00:05:31,1.46973,1.47006
232,2023-05-09 00:05:40,1.46974,1.47007
233,2023-05-09 00:05:43,1.46973,1.47006
234,2023-05-09 00:05:44,1.46971,1.47004
235,2023-05-09 00:05:51,1.46964,1.46997
236,2023-05-09 00:06:00,1.46964,1.46997
237,2023-05-09 00:06:11,1.46963,1.46996
238,2023-05-09 00:06:12,1.46964,1.46997
239,2023-05-09 00:06:14,1.46962,1.4699499999999999
240,2023-05-09 00:06:21,1.46958,1.46991
241,2023-05-09 00:06:22,1.46963,1.46996
242,2023-05-09 00:06:25,1.46962,1.4699499999999999
243,2023-05-09 00:06:29,1.46966,1.4699900000000001
244,2023-05-09 00:06:29,1.46964,1.46997
245,2023-05-09 00:06:30,1.46961,1.46994
246,2023-05-09 00:06:30,1.46963,1.46996
247,2023-05-09 00:06:36,1.46962,1.4699499999999999
248,2023-05-09 00:06:40,1.46964,1.46997
249,2023-05-09 00:06:40,1.46961,1.46994
250,2023-05-09 00:06:40,1.4696500000000001,1.46998
251,2023-05-09 00:06:40,1.46963,1.46996
252,2023-05-09 00:06:41,1.46961,1.46994
253,2023-05-09 00:06:51,1.46959,1.4699200000000001
254,2023-05-09 00:06:51,1.46961,1.46994
255,2023-05-09 00:06:51,1.4696,1.46993
256,2023-05-09 00:06:56,1.46955,1.46988
257,2023-05-09 00:06:56,1.46957,1.4699
258,2023-05-09 00:06:57,1.46954,1.46987
259,2023-05-09 00:07:00,1.46954,1.46987
260,2023-05-09 00:07:02,1.46951,1.46984
261,2023-05-09 00:07:04,1.46953,1.46986
262,2023-05-09 00:07:04,1.46954,1.46987
263,2023-05-09 00:07:06,1.46952,1.46985
264,2023-05-09 00:07:12,1.4695,1.46983
265,2023-05-09 00:07:13,1.46948,1.46981
266,2023-05-09 00:07:16,1.4695,1.46983
267,2023-05-09 00:07:16,1.46948,1.46981
268,2023-05-09 00:07:18,1.46946,1.46979
269,2023-05-09 00:07:24,1.46948,1.46981
270,2023-05-09 00:07:29,1.46947,1.4698
271,2023-05-09 00:07:31,1.4694,1.46973
272,2023-05-09 00:07:32,1.46942,1.46975
273,2023-05-09 00:07:32,1.46944,1.46977
274,2023-05-09 00:07:33,1.46939,1.4697200000000001
275,2023-05-09 00:07:36,1.46937,1.4697
276,2023-05-09 00:07:40,1.4694,1.46973
277,2023-05-09 00:07:41,1.46939,1.4697200000000001
278,2023-05-09 00:07:42,1.46937,1.4697
279,2023-05-09 00:07:42,1.46935,1.4696799999999999
280,2023-05-09 00:07:44,1.46937,1.4697
281,2023-05-09 00:07:47,1.4694,1.46973
282,2023-05-09 00:07:50,1.46942,1.46975
283,2023-05-09 00:07:51,1.4694099999999999,1.46974
284,2023-05-09 00:07:53,1.46943,1.46976
285,2023-05-09 00:07:54,1.4694099999999999,1.46974
286,2023-05-09 00:07:55,1.46943,1.46976
287,2023-05-09 00:07:56,1.46944,1.46977
288,2023-05-09 00:07:57,1.46943,1.46976
289,2023-05-09 00:08:00,1.46943,1.46976
290,2023-05-09 00:08:01,1.46942,1.46975
291,2023-05-09 00:08:03,1.4694099999999999,1.46974
292,2023-05-09 00:08:03,1.46939,1.4697200000000001
293,2023-05-09 00:08:03,1.46935,1.4696799999999999
294,2023-05-09 00:08:05,1.4694,1.46973
295,2023-05-09 00:08:06,1.46939,1.4697200000000001
296,2023-05-09 00:08:13,1.4694,1.46973
297,2023-05-09 00:08:15,1.46942,1.46975
298,2023-05-09 00:08:18,1.4694,1.46973
299,2023-05-09 00:08:21,1.46937,1.4697
300,2023-05-09 00:08:22,1.46936,1.46969
301,2023-05-09 00:08:22,1.4693800000000001,1.46971
302,2023-05-09 00:08:30,1.4694,1.46973
303,2023-05-09 00:08:30,1.4694099999999999,1.46974
304,2023-05-09 00:08:31,1.46942,1.46975
305,2023-05-09 00:08:32,1.46944,1.46977
306,2023-05-09 00:08:34,1.46946,1.46979
307,2023-05-09 00:08:34,1.46948,1.46981
308,2023-05-09 00:08:42,1.46949,1.46982
309,2023-05-09 00:08:43,1.46947,1.4698
310,2023-05-09 00:08:43,1.4695,1.46983
311,2023-05-09 00:08:44,1.46948,1.46981
312,2023-05-09 00:08:54,1.46942,1.46975
313,2023-05-09 00:08:54,1.46943,1.46976
314,2023-05-09 00:08:59,1.4694,1.46973
315,2023-05-09 00:09:00,1.4694,1.46973
316,2023-05-09 00:09:00,1.46937,1.4697
317,2023-05-09 00:09:02,1.46936,1.46969
318,2023-05-09 00:09:04,1.46932,1.4696500000000001
319,2023-05-09 00:09:05,1.4693,1.46963
320,2023-05-09 00:09:08,1.4693100000000001,1.46964
321,2023-05-09 00:09:10,1.46929,1.46962
322,2023-05-09 00:09:10,1.46926,1.46959
323,2023-05-09 00:09:10,1.46928,1.46961
324,2023-05-09 00:09:15,1.46927,1.4696
325,2023-05-09 00:09:16,1.46926,1.46959
326,2023-05-09 00:09:16,1.46928,1.46961
327,2023-05-09 00:09:19,1.46926,1.46959
328,2023-05-09 00:09:21,1.4692,1.46953
329,2023-05-09 00:09:22,1.46918,1.46951
330,2023-05-09 00:09:22,1.46922,1.46955
331,2023-05-09 00:09:22,1.46924,1.46957
332,2023-05-09 00:09:25,1.46922,1.46955
333,2023-05-09 00:09:25,1.46925,1.46958
334,2023-05-09 00:09:31,1.46926,1.46959
335,2023-05-09 00:09:33,1.46925,1.46958
336,2023-05-09 00:09:34,1.46923,1.46956
337,2023-05-09 00:09:38,1.46922,1.46955
338,2023-05-09 00:09:39,1.46925,1.46958
339,2023-05-09 00:09:40,1.46923,1.46956
340,2023-05-09 00:09:42,1.46925,1.46958
341,2023-05-09 00:09:43,1.46921,1.46954
342,2023-05-09 00:09:44,1.46922,1.46955
343,2023-05-09 00:09:44,1.46923,1.46956
344,2023-05-09 00:09:45,1.46924,1.46957
345,2023-05-09 00:09:45,1.46922,1.46955
346,2023-05-09 00:09:46,1.4692,1.46953
347,2023-05-09 00:09:50,1.46921,1.46954
348,2023-05-09 00:09:54,1.46922,1.46955
349,2023-05-09 00:09:55,1.46919,1.46952
350,2023-05-09 00:09:55,1.46916,1.46949
351,2023-05-09 00:09:57,1.46917,1.4695
352,2023-05-09 00:09:58,1.46914,1.46947
353,2023-05-09 00:09:59,1.46923,1.46956
354,2023-05-09 00:09:59,1.46922,1.46955
355,2023-05-09 00:10:00,1.46921,1.46954
356,2023-05-09 00:10:02,1.4692,1.46953
357,2023-05-09 00:10:03,1.46921,1.46954
358,2023-05-09 00:10:04,1.46923,1.46956
359,2023-05-09 00:10:12,1.46921,1.46954
360,2023-05-09 00:10:12,1.46924,1.46957
361,2023-05-09 00:10:12,1.46922,1.46955
362,2023-05-09 00:10:13,1.46926,1.46959
363,2023-05-09 00:10:15,1.46924,1.46957
364,2023-05-09 00:10:15,1.46922,1.46955
365,2023-05-09 00:10:16,1.46923,1.46956
366,2023-05-09 00:10:22,1.46921,1.46954
367,2023-05-09 00:10:26,1.46919,1.46952
368,2023-05-09 00:10:26,1.46916,1.46949
369,2023-05-09 00:10:26,1.46917,1.4695
370,2023-05-09 00:10:29,1.46918,1.46951
371,2023-05-09 00:10:30,1.46919,1.46952
372,2023-05-09 00:10:32,1.4692,1.46953
373,2023-05-09 00:10:32,1.46924,1.46957
374,2023-05-09 00:10:33,1.46921,1.46954
375,2023-05-09 00:10:36,1.46919,1.46952
376,2023-05-09 00:10:40,1.46923,1.46956
377,2023-05-09 00:10:47,1.46926,1.46959
378,2023-05-09 00:10:48,1.46927,1.4696
379,2023-05-09 00:10:48,1.4693,1.46963
380,2023-05-09 00:10:49,1.46927,1.4696
381,2023-05-09 00:10:49,1.46926,1.46959
382,2023-05-09 00:10:50,1.46925,1.46958
383,2023-05-09 00:10:53,1.46926,1.46959
384,2023-05-09 00:10:55,1.4693,1.46963
385,2023-05-09 00:10:58,1.46929,1.46962
386,2023-05-09 00:10:59,1.4693,1.46963
387,2023-05-09 00:10:59,1.4693100000000001,1.46964
388,2023-05-09 00:11:00,1.4693,1.46963
389,2023-05-09 00:11:01,1.4693100000000001,1.46964
390,2023-05-09 00:11:03,1.46933,1.46966
391,2023-05-09 00:11:03,1.4693800000000001,1.46971
392,2023-05-09 00:11:04,1.46933,1.46966
393,2023-05-09 00:11:04,1.4693399999999999,1.46967
394,2023-05-09 00:11:05,1.46936,1.46969
395,2023-05-09 00:11:05,1.4693800000000001,1.46971
396,2023-05-09 00:11:05,1.46933,1.46966
397,2023-05-09 00:11:08,1.4693100000000001,1.46964
398,2023-05-09 00:11:10,1.46932,1.4696500000000001
399,2023-05-09 00:11:11,1.4693399999999999,1.46967
400,2023-05-09 00:11:16,1.46935,1.4696799999999999
401,2023-05-09 00:11:17,1.4693100000000001,1.46964
402,2023-05-09 00:11:18,1.4693,1.46963
403,2023-05-09 00:11:22,1.46932,1.4696500000000001
404,2023-05-09 00:11:22,1.46935,1.4696799999999999
405,2023-05-09 00:11:22,1.4693100000000001,1.46964
406,2023-05-09 00:11:26,1.46928,1.46961
407,2023-05-09 00:11:37,1.46924,1.46957
408,2023-05-09 00:11:39,1.4693100000000001,1.46964
409,2023-05-09 00:11:40,1.46925,1.46958
410,2023-05-09 00:11:41,1.46923,1.46956
411,2023-05-09 00:11:44,1.46922,1.46955
412,2023-05-09 00:11:44,1.46919,1.46952
413,2023-05-09 00:11:45,1.46917,1.4695
414,2023-05-09 00:11:46,1.46919,1.46952
415,2023-05-09 00:11:51,1.46917,1.4695
416,2023-05-09 00:11:52,1.46921,1.46954
417,2023-05-09 00:11:52,1.46919,1.46952
418,2023-05-09 00:11:57,1.4692,1.46953
419,2023-05-09 00:11:57,1.46921,1.46954
420,2023-05-09 00:11:59,1.46925,1.46958
421,2023-05-09 00:11:59,1.46918,1.46951
422,2023-05-09 00:12:00,1.46918,1.46951
423,2023-05-09 00:12:00,1.46922,1.46955
424,2023-05-09 00:12:01,1.46923,1.46956
425,2023-05-09 00:12:01,1.46922,1.46955
426,2023-05-09 00:12:02,1.46921,1.46954
427,2023-05-09 00:12:07,1.46922,1.46955
428,2023-05-09 00:12:07,1.4692,1.46953
429,2023-05-09 00:12:07,1.46921,1.46954
430,2023-05-09 00:12:12,1.4692,1.46953
431,2023-05-09 00:12:17,1.46919,1.46952
432,2023-05-09 00:12:17,1.46918,1.46951
433,2023-05-09 00:12:20,1.46925,1.46958
434,2023-05-09 00:12:20,1.46926,1.46959
435,2023-05-09 00:12:21,1.46919,1.46952
436,2023-05-09 00:12:27,1.46921,1.46954
437,2023-05-09 00:12:37,1.4692,1.46953
438,2023-05-09 00:12:38,1.46919,1.46952
439,2023-05-09 00:12:44,1.4692,1.46953
440,2023-05-09 00:12:45,1.46922,1.46955
441,2023-05-09 00:12:48,1.46915,1.46948
442,2023-05-09 00:12:48,1.46916,1.46949
443,2023-05-09 00:12:50,1.46918,1.46951
444,2023-05-09 00:12:53,1.46917,1.4695
445,2023-05-09 00:12:55,1.46916,1.46949
446,2023-05-09 00:12:55,1.46912,1.46945
447,2023-05-09 00:13:00,1.46913,1.46946
448,2023-05-09 00:13:01,1.46914,1.46947
449,2023-05-09 00:13:02,1.46915,1.46948
450,2023-05-09 00:13:04,1.46916,1.46949
451,2023-05-09 00:13:05,1.46915,1.46948
452,2023-05-09 00:13:08,1.46913,1.46946
453,2023-05-09 00:13:08,1.46909,1.46942
454,2023-05-09 00:13:08,1.4691,1.46943
455,2023-05-09 00:13:11,1.46909,1.46942
456,2023-05-09 00:13:12,1.4691,1.46943
457,2023-05-09 00:13:13,1.46912,1.46945
458,2023-05-09 00:13:13,1.46909,1.46942
459,2023-05-09 00:13:15,1.4691,1.46943
460,2023-05-09 00:13:16,1.46909,1.46942
461,2023-05-09 00:13:16,1.46913,1.46946
462,2023-05-09 00:13:16,1.4691,1.46943
463,2023-05-09 00:13:17,1.4690699999999999,1.4694
464,2023-05-09 00:13:18,1.46914,1.46947
465,2023-05-09 00:13:24,1.46921,1.46954
466,2023-05-09 00:13:24,1.4692,1.46953
467,2023-05-09 00:13:24,1.46912,1.46945
468,2023-05-09 00:13:28,1.4691,1.46943
469,2023-05-09 00:13:29,1.4691100000000001,1.46944
470,2023-05-09 00:13:29,1.46913,1.46946
471,2023-05-09 00:13:33,1.46914,1.46947
472,2023-05-09 00:13:34,1.4691,1.46943
473,2023-05-09 00:13:35,1.46909,1.46942
474,2023-05-09 00:13:39,1.4691100000000001,1.46944
475,2023-05-09 00:13:39,1.46909,1.46942
476,2023-05-09 00:13:42,1.46908,1.4694099999999999
477,2023-05-09 00:13:44,1.4690699999999999,1.4694
478,2023-05-09 00:13:44,1.46901,1.4693399999999999
479,2023-05-09 00:13:45,1.46905,1.4693800000000001
480,2023-05-09 00:13:45,1.46906,1.46939
481,2023-05-09 00:13:48,1.46903,1.46936
482,2023-05-09 00:13:48,1.46909,1.46942
483,2023-05-09 00:13:49,1.4690699999999999,1.4694
484,2023-05-09 00:13:49,1.46908,1.4694099999999999
485,2023-05-09 00:13:49,1.4691,1.46943
486,2023-05-09 00:13:50,1.46909,1.46942
487,2023-05-09 00:13:51,1.4691,1.46943
488,2023-05-09 00:13:51,1.4691100000000001,1.46944
489,2023-05-09 00:13:52,1.46913,1.46946
490,2023-05-09 00:13:53,1.46914,1.46947
491,2023-05-09 00:13:53,1.46913,1.46946
492,2023-05-09 00:13:53,1.4691,1.46943
493,2023-05-09 00:14:00,1.4691,1.46943
494,2023-05-09 00:14:02,1.46912,1.46945
495,2023-05-09 00:14:02,1.4691100000000001,1.46944
496,2023-05-09 00:14:02,1.4691,1.46943
497,2023-05-09 00:14:06,1.4691100000000001,1.46944
498,2023-05-09 00:14:08,1.4691,1.46943
499,2023-05-09 00:14:08,1.4691100000000001,1.46944
500,2023-05-09 00:14:09,1.4691,1.46943
501,2023-05-09 00:14:09,1.46912,1.46945
502,2023-05-09 00:14:10,1.46922,1.46955
503,2023-05-09 00:14:10,1.46923,1.46956
504,2023-05-09 00:14:12,1.46924,1.46957
505,2023-05-09 00:14:13,1.46922,1.46955
506,2023-05-09 00:14:15,1.46921,1.46954
507,2023-05-09 00:14:17,1.4692,1.46953
508,2023-05-09 00:14:19,1.46917,1.4695
509,2023-05-09 00:14:19,1.46919,1.46952
510,2023-05-09 00:14:20,1.46916,1.46949
511,2023-05-09 00:14:25,1.46914,1.46947
512,2023-05-09 00:14:29,1.46915,1.46948
513,2023-05-09 00:14:29,1.46917,1.4695
514,2023-05-09 00:14:29,1.46915,1.46948
515,2023-05-09 00:14:35,1.46914,1.46947
516,2023-05-09 00:14:35,1.46919,1.46952
517,2023-05-09 00:14:37,1.46918,1.46951
518,2023-05-09 00:14:37,1.46919,1.46952
519,2023-05-09 00:14:38,1.46918,1.46951
520,2023-05-09 00:14:38,1.46916,1.46949
521,2023-05-09 00:14:39,1.46914,1.46947
522,2023-05-09 00:14:41,1.4691100000000001,1.46944
523,2023-05-09 00:14:42,1.46909,1.46942
524,2023-05-09 00:14:47,1.46908,1.4694099999999999
525,2023-05-09 00:14:47,1.46909,1.46942
526,2023-05-09 00:14:48,1.4690699999999999,1.4694
527,2023-05-09 00:14:51,1.46909,1.46942
528,2023-05-09 00:14:54,1.46906,1.46939
529,2023-05-09 00:14:55,1.46905,1.4693800000000001
530,2023-05-09 00:14:55,1.4691100000000001,1.46944
531,2023-05-09 00:14:56,1.4691,1.46943
532,2023-05-09 00:14:57,1.46914,1.46947
533,2023-05-09 00:15:00,1.4691100000000001,1.46944
534,2023-05-09 00:15:01,1.4691,1.46943
535,2023-05-09 00:15:01,1.46914,1.46947
536,2023-05-09 00:15:01,1.46913,1.46946
537,2023-05-09 00:15:02,1.46915,1.46948
538,2023-05-09 00:15:03,1.46918,1.46951
539,2023-05-09 00:15:04,1.46914,1.46947
540,2023-05-09 00:15:04,1.46916,1.46949
541,2023-05-09 00:15:05,1.46914,1.46947
542,2023-05-09 00:15:07,1.46917,1.4695
543,2023-05-09 00:15:07,1.46918,1.46951
544,2023-05-09 00:15:08,1.46917,1.4695
545,2023-05-09 00:15:08,1.46914,1.46947
546,2023-05-09 00:15:09,1.46913,1.46946
547,2023-05-09 00:15:11,1.46914,1.46947
548,2023-05-09 00:15:12,1.46915,1.46948
549,2023-05-09 00:15:13,1.46914,1.46947
550,2023-05-09 00:15:14,1.46915,1.46948
551,2023-05-09 00:15:14,1.46914,1.46947
552,2023-05-09 00:15:14,1.46915,1.46948
553,2023-05-09 00:15:15,1.46914,1.46947
554,2023-05-09 00:15:16,1.46915,1.46948
555,2023-05-09 00:15:17,1.46914,1.46947
556,2023-05-09 00:15:18,1.46915,1.46948
557,2023-05-09 00:15:18,1.46917,1.4695
558,2023-05-09 00:15:20,1.46916,1.46949
559,2023-05-09 00:15:20,1.46913,1.46946
560,2023-05-09 00:15:25,1.46914,1.46947
561,2023-05-09 00:15:25,1.4691100000000001,1.46944
562,2023-05-09 00:15:26,1.46913,1.46946
563,2023-05-09 00:15:28,1.46912,1.46945
564,2023-05-09 00:15:28,1.46913,1.46946
565,2023-05-09 00:15:28,1.46914,1.46947
566,2023-05-09 00:15:29,1.46915,1.46948
567,2023-05-09 00:15:29,1.46913,1.46946
568,2023-05-09 00:15:29,1.4691100000000001,1.46944
569,2023-05-09 00:15:30,1.46914,1.46947
570,2023-05-09 00:15:32,1.46915,1.46948
571,2023-05-09 00:15:32,1.46916,1.46949
572,2023-05-09 00:15:33,1.46917,1.4695
573,2023-05-09 00:15:34,1.46922,1.46955
574,2023-05-09 00:15:34,1.46918,1.46951
575,2023-05-09 00:15:35,1.46916,1.46949
576,2023-05-09 00:15:40,1.46919,1.46952
577,2023-05-09 00:15:41,1.4692,1.46953
578,2023-05-09 00:15:42,1.46919,1.46952
579,2023-05-09 00:15:42,1.46918,1.46951
580,2023-05-09 00:15:43,1.4692,1.46953
581,2023-05-09 00:15:44,1.46915,1.46948
582,2023-05-09 00:15:44,1.46917,1.4695
583,2023-05-09 00:15:44,1.46915,1.46948
584,2023-05-09 00:15:45,1.46917,1.4695
585,2023-05-09 00:15:45,1.46914,1.46947
586,2023-05-09 00:15:46,1.46915,1.46948
587,2023-05-09 00:15:46,1.46914,1.46947
588,2023-05-09 00:15:49,1.46916,1.46949
589,2023-05-09 00:15:50,1.46919,1.46952
590,2023-05-09 00:15:53,1.46918,1.46951
591,2023-05-09 00:15:55,1.4692,1.46953
592,2023-05-09 00:15:56,1.46918,1.46951
593,2023-05-09 00:15:56,1.46917,1.4695
594,2023-05-09 00:15:57,1.46916,1.46949
595,2023-05-09 00:15:57,1.4692,1.46953
596,2023-05-09 00:16:00,1.4692,1.46953
597,2023-05-09 00:16:00,1.46921,1.46954
598,2023-05-09 00:16:00,1.4692,1.46953
599,2023-05-09 00:16:01,1.46925,1.46958
600,2023-05-09 00:16:01,1.46927,1.4696
601,2023-05-09 00:16:02,1.46925,1.46958
602,2023-05-09 00:16:03,1.46922,1.46955
603,2023-05-09 00:16:03,1.46921,1.46954
604,2023-05-09 00:16:05,1.4692,1.46953
605,2023-05-09 00:16:10,1.46917,1.4695
606,2023-05-09 00:16:11,1.46919,1.46952
607,2023-05-09 00:16:14,1.4692,1.46953
608,2023-05-09 00:16:15,1.46919,1.46952
609,2023-05-09 00:16:16,1.46918,1.46951
610,2023-05-09 00:16:16,1.46919,1.46952
611,2023-05-09 00:16:16,1.46917,1.4695
612,2023-05-09 00:16:21,1.46918,1.46951
613,2023-05-09 00:16:21,1.4692,1.46953
614,2023-05-09 00:16:21,1.46917,1.4695
615,2023-05-09 00:16:21,1.46916,1.46949
616,2023-05-09 00:16:23,1.46915,1.46948
617,2023-05-09 00:16:25,1.46917,1.4695
618,2023-05-09 00:16:26,1.46915,1.46948
619,2023-05-09 00:16:28,1.46913,1.46946
620,2023-05-09 00:16:29,1.46916,1.46949
621,2023-05-09 00:16:30,1.46917,1.4695
622,2023-05-09 00:16:31,1.46916,1.46949
623,2023-05-09 00:16:34,1.46914,1.46947
624,2023-05-09 00:16:34,1.46912,1.46945
625,2023-05-09 00:16:34,1.46914,1.46947
626,2023-05-09 00:16:41,1.46912,1.46945
627,2023-05-09 00:16:42,1.4691,1.46943
628,2023-05-09 00:16:42,1.46912,1.46945
629,2023-05-09 00:16:43,1.4691,1.46943
630,2023-05-09 00:16:45,1.46912,1.46945
631,2023-05-09 00:16:47,1.4691100000000001,1.46944
632,2023-05-09 00:16:49,1.46912,1.46945
633,2023-05-09 00:16:50,1.4691,1.46943
634,2023-05-09 00:16:56,1.46908,1.4694099999999999
635,2023-05-09 00:16:56,1.46912,1.46945
636,2023-05-09 00:16:56,1.46909,1.46942
637,2023-05-09 00:16:58,1.46912,1.46945
638,2023-05-09 00:16:58,1.46908,1.4694099999999999
639,2023-05-09 00:17:00,1.46908,1.4694099999999999
640,2023-05-09 00:17:01,1.46906,1.46939
641,2023-05-09 00:17:02,1.46908,1.4694099999999999
642,2023-05-09 00:17:04,1.4690699999999999,1.4694
643,2023-05-09 00:17:09,1.4691,1.46943
644,2023-05-09 00:17:12,1.46908,1.4694099999999999
645,2023-05-09 00:17:12,1.46906,1.46939
646,2023-05-09 00:17:17,1.4690400000000001,1.46937
647,2023-05-09 00:17:17,1.46903,1.46936
648,2023-05-09 00:17:20,1.46906,1.46939
649,2023-05-09 00:17:21,1.46903,1.46936
650,2023-05-09 00:17:21,1.4690400000000001,1.46937
651,2023-05-09 00:17:22,1.46903,1.46936
652,2023-05-09 00:17:22,1.4689999999999999,1.46933
653,2023-05-09 00:17:26,1.46899,1.46932
654,2023-05-09 00:17:26,1.46901,1.4693399999999999
655,2023-05-09 00:17:26,1.46898,1.4693100000000001
656,2023-05-09 00:17:27,1.46896,1.46929
657,2023-05-09 00:17:33,1.46898,1.4693100000000001
658,2023-05-09 00:17:33,1.46899,1.46932
659,2023-05-09 00:17:34,1.4689999999999999,1.46933
660,2023-05-09 00:17:37,1.46898,1.4693100000000001
661,2023-05-09 00:17:38,1.46901,1.4693399999999999
662,2023-05-09 00:17:40,1.4689999999999999,1.46933
663,2023-05-09 00:17:40,1.46901,1.4693399999999999
664,2023-05-09 00:17:42,1.46898,1.4693100000000001
665,2023-05-09 00:17:43,1.46897,1.4693
666,2023-05-09 00:17:43,1.46893,1.46926
667,2023-05-09 00:17:44,1.46898,1.4693100000000001
668,2023-05-09 00:17:45,1.46897,1.4693
669,2023-05-09 00:17:45,1.46895,1.46928
670,2023-05-09 00:17:46,1.46894,1.46927
671,2023-05-09 00:17:47,1.46898,1.4693100000000001
672,2023-05-09 00:17:49,1.46899,1.46932
673,2023-05-09 00:17:50,1.4689999999999999,1.46933
674,2023-05-09 00:17:53,1.46897,1.4693
675,2023-05-09 00:17:53,1.46895,1.46928
676,2023-05-09 00:17:53,1.46894,1.46927
677,2023-05-09 00:17:56,1.46892,1.46925
678,2023-05-09 00:17:57,1.46893,1.46926
679,2023-05-09 00:18:01,1.46896,1.46929
680,2023-05-09 00:18:01,1.46898,1.4693100000000001
681,2023-05-09 00:18:02,1.46899,1.46932
682,2023-05-09 00:18:03,1.46901,1.4693399999999999
683,2023-05-09 00:18:04,1.46903,1.46936
684,2023-05-09 00:18:04,1.46899,1.46932
685,2023-05-09 00:18:04,1.46902,1.46935
686,2023-05-09 00:18:05,1.4690400000000001,1.46937
687,2023-05-09 00:18:08,1.46901,1.4693399999999999
688,2023-05-09 00:18:08,1.4690400000000001,1.46937
689,2023-05-09 00:18:10,1.46906,1.46939
690,2023-05-09 00:18:15,1.4690699999999999,1.4694
691,2023-05-09 00:18:15,1.4691,1.46943
692,2023-05-09 00:18:17,1.4691100000000001,1.46944
693,2023-05-09 00:18:20,1.46912,1.46945
694,2023-05-09 00:18:28,1.46915,1.46948
695,2023-05-09 00:18:28,1.4690699999999999,1.4694
696,2023-05-09 00:18:28,1.46906,1.46939
697,2023-05-09 00:18:29,1.46908,1.4694099999999999
698,2023-05-09 00:18:38,1.46906,1.46939
699,2023-05-09 00:18:38,1.4690400000000001,1.46937
700,2023-05-09 00:18:44,1.46906,1.46939
701,2023-05-09 00:18:46,1.4691,1.46943
702,2023-05-09 00:18:48,1.46912,1.46945
703,2023-05-09 00:18:51,1.4691,1.46943
704,2023-05-09 00:18:51,1.46908,1.4694099999999999
705,2023-05-09 00:18:53,1.4690699999999999,1.4694
706,2023-05-09 00:18:57,1.46906,1.46939
707,2023-05-09 00:18:59,1.46905,1.4693800000000001
708,2023-05-09 00:18:59,1.46908,1.4694099999999999
709,2023-05-09 00:19:01,1.4690699999999999,1.4694
710,2023-05-09 00:19:01,1.46908,1.4694099999999999
711,2023-05-09 00:19:01,1.4690699999999999,1.4694
712,2023-05-09 00:19:02,1.46909,1.46942
713,2023-05-09 00:19:06,1.4690699999999999,1.4694
714,2023-05-09 00:19:06,1.46906,1.46939
715,2023-05-09 00:19:08,1.46905,1.4693800000000001
716,2023-05-09 00:19:10,1.4690400000000001,1.46937
717,2023-05-09 00:19:18,1.46913,1.46946
718,2023-05-09 00:19:18,1.46908,1.4694099999999999
719,2023-05-09 00:19:19,1.4691100000000001,1.46944
720,2023-05-09 00:19:19,1.46909,1.46942
721,2023-05-09 00:19:23,1.46912,1.46945
722,2023-05-09 00:19:23,1.46913,1.46946
723,2023-05-09 00:19:30,1.46915,1.46948
724,2023-05-09 00:19:30,1.46912,1.46945
725,2023-05-09 00:19:31,1.4691,1.46943
726,2023-05-09 00:19:34,1.46909,1.46942
727,2023-05-09 00:19:34,1.4690699999999999,1.4694
728,2023-05-09 00:19:40,1.4691,1.46943
729,2023-05-09 00:19:40,1.4690699999999999,1.4694
730,2023-05-09 00:19:42,1.46905,1.4693800000000001
731,2023-05-09 00:19:44,1.4690699999999999,1.4694
732,2023-05-09 00:19:46,1.46906,1.46939
733,2023-05-09 00:19:50,1.46913,1.46946
734,2023-05-09 00:19:50,1.46914,1.46947
735,2023-05-09 00:19:51,1.46913,1.46946
736,2023-05-09 00:19:58,1.46914,1.46947
737,2023-05-09 00:19:58,1.46912,1.46945
738,2023-05-09 00:19:59,1.46913,1.46946
739,2023-05-09 00:19:59,1.46914,1.46947
740,2023-05-09 00:20:00,1.46917,1.4695
741,2023-05-09 00:20:02,1.46919,1.46952
742,2023-05-09 00:20:04,1.46915,1.46948
743,2023-05-09 00:20:04,1.46924,1.46957
744,2023-05-09 00:20:05,1.46925,1.46958
745,2023-05-09 00:20:08,1.46928,1.46961
746,2023-05-09 00:20:08,1.46923,1.46956
747,2023-05-09 00:20:15,1.46918,1.46951
748,2023-05-09 00:20:19,1.46919,1.46952
749,2023-05-09 00:20:19,1.46921,1.46954
750,2023-05-09 00:20:21,1.46924,1.46957
751,2023-05-09 00:20:21,1.46926,1.46959
752,2023-05-09 00:20:22,1.46927,1.4696
753,2023-05-09 00:20:24,1.46928,1.46961
754,2023-05-09 00:20:25,1.46923,1.46956
755,2023-05-09 00:20:25,1.46925,1.46958
756,2023-05-09 00:20:26,1.46922,1.46955
757,2023-05-09 00:20:28,1.46923,1.46956
758,2023-05-09 00:20:28,1.46927,1.4696
759,2023-05-09 00:20:29,1.46928,1.46961
760,2023-05-09 00:20:29,1.46929,1.46962
761,2023-05-09 00:20:29,1.46928,1.46961
762,2023-05-09 00:20:33,1.4693,1.46963
763,2023-05-09 00:20:37,1.46929,1.46962
764,2023-05-09 00:20:45,1.46927,1.4696
765,2023-05-09 00:20:48,1.46925,1.46958
766,2023-05-09 00:20:54,1.46929,1.46962
767,2023-05-09 00:20:55,1.46927,1.4696
768,2023-05-09 00:20:55,1.46929,1.46962
769,2023-05-09 00:20:56,1.46928,1.46961
770,2023-05-09 00:20:58,1.46932,1.4696500000000001
771,2023-05-09 00:21:00,1.46933,1.46966
772,2023-05-09 00:21:00,1.4693399999999999,1.46967
773,2023-05-09 00:21:06,1.46935,1.4696799999999999
774,2023-05-09 00:21:06,1.4693399999999999,1.46967
775,2023-05-09 00:21:07,1.46935,1.4696799999999999
776,2023-05-09 00:21:07,1.46933,1.46966
777,2023-05-09 00:21:07,1.4693399999999999,1.46967
778,2023-05-09 00:21:10,1.46935,1.4696799999999999
779,2023-05-09 00:21:11,1.46937,1.4697
780,2023-05-09 00:21:12,1.4693800000000001,1.46971
781,2023-05-09 00:21:15,1.4693399999999999,1.46967
782,2023-05-09 00:21:16,1.46932,1.4696500000000001
783,2023-05-09 00:21:16,1.4693,1.46963
784,2023-05-09 00:21:18,1.46932,1.4696500000000001
785,2023-05-09 00:21:22,1.46937,1.4697
786,2023-05-09 00:21:23,1.4693800000000001,1.46971
787,2023-05-09 00:21:25,1.46936,1.46969
788,2023-05-09 00:21:35,1.46937,1.4697
789,2023-05-09 00:21:36,1.46935,1.4696799999999999
790,2023-05-09 00:21:36,1.46933,1.46966
791,2023-05-09 00:21:39,1.46932,1.4696500000000001
792,2023-05-09 00:21:43,1.46933,1.46966
793,2023-05-09 00:21:46,1.4693100000000001,1.46964
794,2023-05-09 00:21:48,1.46933,1.46966
795,2023-05-09 00:21:49,1.46932,1.4696500000000001
796,2023-05-09 00:21:56,1.46933,1.46966
797,2023-05-09 00:22:00,1.46933,1.46966
798,2023-05-09 00:22:00,1.4693399999999999,1.46967
799,2023-05-09 00:22:01,1.46935,1.4696799999999999
800,2023-05-09 00:22:02,1.4693,1.46963
801,2023-05-09 00:22:02,1.4693399999999999,1.46967
802,2023-05-09 00:22:03,1.46933,1.46966
803,2023-05-09 00:22:06,1.46932,1.4696500000000001
804,2023-05-09 00:22:07,1.4693,1.46963
805,2023-05-09 00:22:07,1.4693399999999999,1.46967
806,2023-05-09 00:22:10,1.46937,1.4697
807,2023-05-09 00:22:10,1.46936,1.46969
808,2023-05-09 00:22:16,1.46935,1.4696799999999999
809,2023-05-09 00:22:16,1.4693800000000001,1.46971
810,2023-05-09 00:22:19,1.46939,1.4697200000000001
811,2023-05-09 00:22:20,1.4694099999999999,1.46974
812,2023-05-09 00:22:20,1.46937,1.4697
813,2023-05-09 00:22:21,1.46936,1.46969
814,2023-05-09 00:22:22,1.46935,1.4696799999999999
815,2023-05-09 00:22:26,1.46937,1.4697
816,2023-05-09 00:22:31,1.46935,1.4696799999999999
817,2023-05-09 00:22:31,1.46936,1.46969
818,2023-05-09 00:22:36,1.46935,1.4696799999999999
819,2023-05-09 00:22:37,1.4693399999999999,1.46967
820,2023-05-09 00:22:38,1.46936,1.46969
821,2023-05-09 00:22:40,1.46935,1.4696799999999999
822,2023-05-09 00:22:41,1.46933,1.46966
823,2023-05-09 00:22:46,1.4693100000000001,1.46964
824,2023-05-09 00:22:47,1.46925,1.46958
825,2023-05-09 00:22:47,1.46922,1.46955
826,2023-05-09 00:22:47,1.46918,1.46951
827,2023-05-09 00:22:48,1.46921,1.46954
828,2023-05-09 00:22:49,1.46923,1.46956
829,2023-05-09 00:22:50,1.46926,1.46959
830,2023-05-09 00:22:51,1.46924,1.46957
831,2023-05-09 00:22:57,1.46919,1.46952
832,2023-05-09 00:23:00,1.46919,1.46952
833,2023-05-09 00:23:07,1.46916,1.46949
834,2023-05-09 00:23:11,1.46918,1.46951
835,2023-05-09 00:23:11,1.46916,1.46949
836,2023-05-09 00:23:13,1.46917,1.4695
837,2023-05-09 00:23:13,1.46919,1.46952
838,2023-05-09 00:23:13,1.46917,1.4695
839,2023-05-09 00:23:21,1.46914,1.46947
840,2023-05-09 00:23:21,1.46915,1.46948
841,2023-05-09 00:23:22,1.46914,1.46947
842,2023-05-09 00:23:30,1.46913,1.46946
843,2023-05-09 00:23:30,1.4691100000000001,1.46944
844,2023-05-09 00:23:33,1.46909,1.46942
845,2023-05-09 00:23:33,1.46908,1.4694099999999999
846,2023-05-09 00:23:35,1.4691100000000001,1.46944
847,2023-05-09 00:23:37,1.46909,1.46942
848,2023-05-09 00:23:37,1.46915,1.46948
849,2023-05-09 00:23:38,1.46914,1.46947
850,2023-05-09 00:23:41,1.46916,1.46949
851,2023-05-09 00:23:42,1.46917,1.4695
852,2023-05-09 00:23:47,1.46916,1.46949
853,2023-05-09 00:23:47,1.46919,1.46952
854,2023-05-09 00:23:48,1.46916,1.46949
855,2023-05-09 00:23:49,1.46915,1.46948
856,2023-05-09 00:23:55,1.46914,1.46947
857,2023-05-09 00:23:56,1.4691,1.46943
858,2023-05-09 00:23:57,1.46913,1.46946
859,2023-05-09 00:23:57,1.46914,1.46947
860,2023-05-09 00:24:00,1.46914,1.46947
861,2023-05-09 00:24:03,1.46913,1.46946
862,2023-05-09 00:24:06,1.46914,1.46947
863,2023-05-09 00:24:08,1.46917,1.4695
864,2023-05-09 00:24:08,1.46912,1.46945
865,2023-05-09 00:24:13,1.46913,1.46946
866,2023-05-09 00:24:22,1.46914,1.46947
867,2023-05-09 00:24:23,1.46912,1.46945
868,2023-05-09 00:24:23,1.4691100000000001,1.46944
869,2023-05-09 00:24:28,1.46908,1.4694099999999999
870,2023-05-09 00:24:31,1.46906,1.46939
871,2023-05-09 00:24:31,1.4691100000000001,1.46944
872,2023-05-09 00:24:32,1.46908,1.4694099999999999
873,2023-05-09 00:24:34,1.46906,1.46939
874,2023-05-09 00:24:35,1.4690699999999999,1.4694
875,2023-05-09 00:24:35,1.46909,1.46942
876,2023-05-09 00:24:38,1.46906,1.46939
877,2023-05-09 00:24:38,1.4690699999999999,1.4694
878,2023-05-09 00:24:39,1.46909,1.46942
879,2023-05-09 00:24:41,1.4690699999999999,1.4694
880,2023-05-09 00:24:42,1.4691,1.46943
881,2023-05-09 00:24:48,1.4691100000000001,1.46944
882,2023-05-09 00:24:49,1.4691,1.46943
883,2023-05-09 00:24:52,1.4691100000000001,1.46944
884,2023-05-09 00:24:52,1.46913,1.46946
885,2023-05-09 00:24:52,1.4691,1.46943
886,2023-05-09 00:25:00,1.4691,1.46943
887,2023-05-09 00:25:03,1.4691100000000001,1.46944
888,2023-05-09 00:25:07,1.46909,1.46942
889,2023-05-09 00:25:09,1.4690699999999999,1.4694
890,2023-05-09 00:25:10,1.4691,1.46943
891,2023-05-09 00:25:11,1.46909,1.46942
892,2023-05-09 00:25:13,1.4691,1.46943
893,2023-05-09 00:25:14,1.46909,1.46942
894,2023-05-09 00:25:16,1.4691,1.46943
895,2023-05-09 00:25:16,1.4691100000000001,1.46944
896,2023-05-09 00:25:27,1.46909,1.46942
897,2023-05-09 00:25:29,1.46908,1.4694099999999999
898,2023-05-09 00:25:30,1.4691,1.46943
899,2023-05-09 00:25:35,1.4691100000000001,1.46944
900,2023-05-09 00:25:38,1.4691,1.46943
901,2023-05-09 00:25:39,1.46909,1.46942
902,2023-05-09 00:25:44,1.4691100000000001,1.46944
903,2023-05-09 00:25:48,1.46914,1.46947
904,2023-05-09 00:25:48,1.46915,1.46948
905,2023-05-09 00:25:48,1.46912,1.46945
906,2023-05-09 00:25:51,1.46915,1.46948
907,2023-05-09 00:25:51,1.4691,1.46943
908,2023-05-09 00:25:53,1.46921,1.46954
909,2023-05-09 00:25:53,1.46917,1.4695
910,2023-05-09 00:25:56,1.4692,1.46953
911,2023-05-09 00:26:00,1.4692,1.46953
912,2023-05-09 00:26:04,1.46922,1.46955
913,2023-05-09 00:26:04,1.46919,1.46952
914,2023-05-09 00:26:08,1.4692,1.46953
915,2023-05-09 00:26:09,1.46925,1.46958
916,2023-05-09 00:26:10,1.4692,1.46953
917,2023-05-09 00:26:10,1.46914,1.46947
918,2023-05-09 00:26:14,1.4691,1.46943
919,2023-05-09 00:26:15,1.4691100000000001,1.46944
920,2023-05-09 00:26:17,1.46913,1.46946
921,2023-05-09 00:26:20,1.4691100000000001,1.46944
922,2023-05-09 00:26:25,1.46908,1.4694099999999999
923,2023-05-09 00:26:26,1.46915,1.46948
924,2023-05-09 00:26:26,1.46912,1.46945
925,2023-05-09 00:26:30,1.4691,1.46943
926,2023-05-09 00:26:30,1.46908,1.4694099999999999
927,2023-05-09 00:26:33,1.4691,1.46943
928,2023-05-09 00:26:35,1.46912,1.46945
929,2023-05-09 00:26:36,1.46913,1.46946
930,2023-05-09 00:26:38,1.46916,1.46949
931,2023-05-09 00:26:38,1.46913,1.46946
932,2023-05-09 00:26:38,1.46912,1.46945
933,2023-05-09 00:26:40,1.4691100000000001,1.46944
934,2023-05-09 00:26:41,1.46909,1.46942
935,2023-05-09 00:26:41,1.4691,1.46943
936,2023-05-09 00:26:47,1.46913,1.46946
937,2023-05-09 00:26:47,1.46912,1.46945
938,2023-05-09 00:26:48,1.4691100000000001,1.46944
939,2023-05-09 00:26:50,1.46909,1.46942
940,2023-05-09 00:26:50,1.4691100000000001,1.46944
941,2023-05-09 00:26:51,1.4690699999999999,1.4694
942,2023-05-09 00:26:51,1.46905,1.4693800000000001
943,2023-05-09 00:27:00,1.4690400000000001,1.46937
944,2023-05-09 00:27:11,1.46903,1.46936
945,2023-05-09 00:27:11,1.46901,1.4693399999999999
946,2023-05-09 00:27:12,1.46902,1.46935
947,2023-05-09 00:27:13,1.46903,1.46936
948,2023-05-09 00:27:21,1.46898,1.4693100000000001
949,2023-05-09 00:27:22,1.46899,1.46932
950,2023-05-09 00:27:22,1.46896,1.46929
951,2023-05-09 00:27:22,1.46898,1.4693100000000001
952,2023-05-09 00:27:29,1.4690400000000001,1.46937
953,2023-05-09 00:27:29,1.4689999999999999,1.46933
954,2023-05-09 00:27:31,1.46898,1.4693100000000001
955,2023-05-09 00:27:31,1.46899,1.46932
956,2023-05-09 00:27:32,1.46901,1.4693399999999999
957,2023-05-09 00:27:32,1.46902,1.46935
958,2023-05-09 00:27:32,1.46901,1.4693399999999999
959,2023-05-09 00:27:33,1.46902,1.46935
960,2023-05-09 00:27:38,1.46903,1.46936
961,2023-05-09 00:27:38,1.46902,1.46935
962,2023-05-09 00:27:42,1.4689999999999999,1.46933
963,2023-05-09 00:27:42,1.46897,1.4693
964,2023-05-09 00:27:42,1.46896,1.46929
965,2023-05-09 00:27:43,1.46897,1.4693
966,2023-05-09 00:27:44,1.46899,1.46932
967,2023-05-09 00:27:56,1.46901,1.4693399999999999
968,2023-05-09 00:27:59,1.46903,1.46936
969,2023-05-09 00:28:00,1.46903,1.46936
970,2023-05-09 00:28:04,1.46908,1.4694099999999999
971,2023-05-09 00:28:04,1.4690699999999999,1.4694
972,2023-05-09 00:28:04,1.46905,1.4693800000000001
973,2023-05-09 00:28:09,1.4690400000000001,1.46937
974,2023-05-09 00:28:11,1.46905,1.4693800000000001
975,2023-05-09 00:28:11,1.46908,1.4694099999999999
976,2023-05-09 00:28:20,1.4690699999999999,1.4694
977,2023-05-09 00:28:30,1.4690400000000001,1.46937
978,2023-05-09 00:28:32,1.46902,1.46935
979,2023-05-09 00:28:43,1.46905,1.4693800000000001
980,2023-05-09 00:28:47,1.46903,1.46936
981,2023-05-09 00:28:49,1.4690400000000001,1.46937
982,2023-05-09 00:28:58,1.46903,1.46936
983,2023-05-09 00:29:00,1.46903,1.46936
984,2023-05-09 00:29:03,1.46902,1.46935
985,2023-05-09 00:29:04,1.46901,1.4693399999999999
986,2023-05-09 00:29:04,1.46906,1.46939
987,2023-05-09 00:29:08,1.46908,1.4694099999999999
988,2023-05-09 00:29:08,1.46909,1.46942
989,2023-05-09 00:29:18,1.4691,1.46943
990,2023-05-09 00:29:18,1.46902,1.46935
991,2023-05-09 00:29:20,1.46905,1.4693800000000001
992,2023-05-09 00:29:20,1.46903,1.46936
993,2023-05-09 00:29:20,1.46901,1.4693399999999999
994,2023-05-09 00:29:24,1.46902,1.46935
995,2023-05-09 00:29:25,1.46905,1.4693800000000001
996,2023-05-09 00:29:38,1.4690400000000001,1.46937
997,2023-05-09 00:29:46,1.46906,1.46939
998,2023-05-09 00:29:52,1.46909,1.46942
999,2023-05-09 00:29:53,1.46914,1.46947
1000,2023-05-09 00:29:59,1.46915,1.46948
1001,2023-05-09 00:30:00,1.46917,1.4695
1002,2023-05-09 00:30:00,1.46918,1.46951
1003,2023-05-09 00:30:01,1.46917,1.4695
1004,2023-05-09 00:30:02,1.46918,1.46951
1005,2023-05-09 00:30:03,1.46924,1.46957
1006,2023-05-09 00:30:04,1.46922,1.46955
1007,2023-05-09 00:30:06,1.46923,1.46956
1008,2023-05-09 00:30:07,1.46921,1.46954
1009,2023-05-09 00:30:08,1.4692,1.46953
1010,2023-05-09 00:30:18,1.46922,1.46955
1011,2023-05-09 00:30:19,1.4692,1.46953
1012,2023-05-09 00:30:20,1.46923,1.46956
1013,2023-05-09 00:30:24,1.46916,1.46949
1014,2023-05-09 00:30:26,1.46918,1.46951
1015,2023-05-09 00:30:30,1.46916,1.46949
1016,2023-05-09 00:30:31,1.46914,1.46947
1017,2023-05-09 00:30:33,1.46915,1.46948
1018,2023-05-09 00:30:40,1.46916,1.46949
1019,2023-05-09 00:30:46,1.46919,1.46952
1020,2023-05-09 00:30:46,1.46917,1.4695
1021,2023-05-09 00:30:56,1.46918,1.46951
1022,2023-05-09 00:31:00,1.46918,1.46951
1023,2023-05-09 00:31:03,1.46914,1.46947
1024,2023-05-09 00:31:03,1.46916,1.46949
1025,2023-05-09 00:31:05,1.46913,1.46946
1026,2023-05-09 00:31:10,1.46912,1.46945
1027,2023-05-09 00:31:14,1.46909,1.46942
1028,2023-05-09 00:31:14,1.4691,1.46943
1029,2023-05-09 00:31:15,1.46909,1.46942
1030,2023-05-09 00:31:16,1.46903,1.46936
1031,2023-05-09 00:31:18,1.46905,1.4693800000000001
1032,2023-05-09 00:31:21,1.4690400000000001,1.46937
1033,2023-05-09 00:31:24,1.46906,1.46939
1034,2023-05-09 00:31:35,1.4690699999999999,1.4694
1035,2023-05-09 00:31:41,1.46908,1.4694099999999999
1036,2023-05-09 00:31:42,1.4691,1.46943
1037,2023-05-09 00:31:43,1.46908,1.4694099999999999
1038,2023-05-09 00:31:50,1.46909,1.46942
1039,2023-05-09 00:31:54,1.4690699999999999,1.4694
1040,2023-05-09 00:31:57,1.46908,1.4694099999999999
1041,2023-05-09 00:32:00,1.46908,1.4694099999999999
1042,2023-05-09 00:32:02,1.4690699999999999,1.4694
1043,2023-05-09 00:32:02,1.46908,1.4694099999999999
1044,2023-05-09 00:32:03,1.46905,1.4693800000000001
1045,2023-05-09 00:32:04,1.46906,1.46939
1046,2023-05-09 00:32:07,1.4690699999999999,1.4694
1047,2023-05-09 00:32:08,1.46908,1.4694099999999999
1048,2023-05-09 00:32:09,1.46909,1.46942
1049,2023-05-09 00:32:13,1.4691,1.46943
1050,2023-05-09 00:32:13,1.4691100000000001,1.46944
1051,2023-05-09 00:32:18,1.4691,1.46943
1052,2023-05-09 00:32:19,1.46909,1.46942
1053,2023-05-09 00:32:20,1.4691100000000001,1.46944
1054,2023-05-09 00:32:25,1.46912,1.46945
1055,2023-05-09 00:32:25,1.46909,1.46942
1056,2023-05-09 00:32:25,1.46908,1.4694099999999999
1057,2023-05-09 00:32:35,1.4690699999999999,1.4694
1058,2023-05-09 00:32:41,1.46908,1.4694099999999999
1059,2023-05-09 00:32:44,1.4690699999999999,1.4694
1060,2023-05-09 00:32:44,1.46905,1.4693800000000001
1061,2023-05-09 00:32:45,1.46903,1.46936
1062,2023-05-09 00:32:50,1.46906,1.46939
1063,2023-05-09 00:32:50,1.46909,1.46942
1064,2023-05-09 00:32:53,1.46908,1.4694099999999999
1065,2023-05-09 00:32:55,1.4690699999999999,1.4694
1066,2023-05-09 00:32:55,1.46905,1.4693800000000001
1067,2023-05-09 00:33:00,1.46905,1.4693800000000001
1068,2023-05-09 00:33:00,1.4690400000000001,1.46937
1069,2023-05-09 00:33:01,1.4691,1.46943
1070,2023-05-09 00:33:02,1.4691100000000001,1.46944
1071,2023-05-09 00:33:02,1.46908,1.4694099999999999
1072,2023-05-09 00:33:06,1.4690699999999999,1.4694
1073,2023-05-09 00:33:11,1.46905,1.4693800000000001
1074,2023-05-09 00:33:12,1.4690400000000001,1.46937
1075,2023-05-09 00:33:12,1.46906,1.46939
1076,2023-05-09 00:33:16,1.46908,1.4694099999999999
1077,2023-05-09 00:33:21,1.46909,1.46942
1078,2023-05-09 00:33:26,1.46903,1.46936
1079,2023-05-09 00:33:26,1.4690699999999999,1.4694
1080,2023-05-09 00:33:28,1.46906,1.46939
1081,2023-05-09 00:33:28,1.46905,1.4693800000000001
1082,2023-05-09 00:33:30,1.4691,1.46943
1083,2023-05-09 00:33:32,1.4691100000000001,1.46944
1084,2023-05-09 00:33:34,1.46912,1.46945
1085,2023-05-09 00:33:36,1.46913,1.46946
1086,2023-05-09 00:33:36,1.46915,1.46948
1087,2023-05-09 00:33:37,1.46914,1.46947
1088,2023-05-09 00:33:38,1.46912,1.46945
1089,2023-05-09 00:33:38,1.46914,1.46947
1090,2023-05-09 00:33:39,1.46913,1.46946
1091,2023-05-09 00:33:39,1.46912,1.46945
1092,2023-05-09 00:33:40,1.46913,1.46946
1093,2023-05-09 00:33:40,1.46912,1.46945
1094,2023-05-09 00:33:41,1.46913,1.46946
1095,2023-05-09 00:33:41,1.46912,1.46945
1096,2023-05-09 00:33:43,1.46914,1.46947
1097,2023-05-09 00:33:44,1.46915,1.46948
1098,2023-05-09 00:33:46,1.46916,1.46949
1099,2023-05-09 00:33:46,1.46915,1.46948
1100,2023-05-09 00:33:47,1.46917,1.4695
1101,2023-05-09 00:33:52,1.46916,1.46949
1102,2023-05-09 00:33:52,1.46917,1.4695
1103,2023-05-09 00:33:56,1.46913,1.46946
1104,2023-05-09 00:34:00,1.46913,1.46946
1105,2023-05-09 00:34:00,1.46915,1.46948
1106,2023-05-09 00:34:06,1.46914,1.46947
1107,2023-05-09 00:34:06,1.46915,1.46948
1108,2023-05-09 00:34:07,1.46914,1.46947
1109,2023-05-09 00:34:08,1.46913,1.46946
1110,2023-05-09 00:34:16,1.46912,1.46945
1111,2023-05-09 00:34:26,1.4691,1.46943
1112,2023-05-09 00:34:28,1.46912,1.46945
1113,2023-05-09 00:34:32,1.46913,1.46946
1114,2023-05-09 00:34:33,1.46914,1.46947
1115,2023-05-09 00:34:36,1.46913,1.46946
1116,2023-05-09 00:34:36,1.46909,1.46942
1117,2023-05-09 00:34:46,1.4691,1.46943
1118,2023-05-09 00:34:46,1.46909,1.46942
1119,2023-05-09 00:34:47,1.4691,1.46943
1120,2023-05-09 00:34:47,1.4690699999999999,1.4694
1121,2023-05-09 00:34:47,1.46908,1.4694099999999999
1122,2023-05-09 00:34:50,1.4690699999999999,1.4694
1123,2023-05-09 00:34:54,1.46908,1.4694099999999999
1124,2023-05-09 00:34:57,1.4690699999999999,1.4694
1125,2023-05-09 00:34:59,1.46909,1.46942
1126,2023-05-09 00:34:59,1.46908,1.4694099999999999
1127,2023-05-09 00:35:00,1.46908,1.4694099999999999
1128,2023-05-09 00:35:05,1.46914,1.46947
1129,2023-05-09 00:35:05,1.46913,1.46946
1130,2023-05-09 00:35:05,1.4690699999999999,1.4694
1131,2023-05-09 00:35:08,1.4691100000000001,1.46944
1132,2023-05-09 00:35:09,1.46912,1.46945
1133,2023-05-09 00:35:17,1.46908,1.4694099999999999
1134,2023-05-09 00:35:27,1.46906,1.46939
1135,2023-05-09 00:35:31,1.46909,1.46942
1136,2023-05-09 00:35:31,1.46906,1.46939
1137,2023-05-09 00:35:32,1.4690699999999999,1.4694
1138,2023-05-09 00:35:35,1.46914,1.46947
1139,2023-05-09 00:35:38,1.46913,1.46946
1140,2023-05-09 00:35:38,1.46914,1.46947
1141,2023-05-09 00:35:44,1.46913,1.46946
1142,2023-05-09 00:35:47,1.46912,1.46945
1143,2023-05-09 00:35:47,1.4691,1.46943
1144,2023-05-09 00:35:49,1.4691100000000001,1.46944
1145,2023-05-09 00:35:52,1.46912,1.46945
1146,2023-05-09 00:35:52,1.46913,1.46946
1147,2023-05-09 00:35:55,1.46912,1.46945
1148,2023-05-09 00:35:57,1.46914,1.46947
1149,2023-05-09 00:35:57,1.46912,1.46945
1150,2023-05-09 00:36:00,1.46914,1.46947
1151,2023-05-09 00:36:00,1.4691100000000001,1.46944
1152,2023-05-09 00:36:01,1.46913,1.46946
1153,2023-05-09 00:36:06,1.46912,1.46945
1154,2023-05-09 00:36:06,1.4691100000000001,1.46944
1155,2023-05-09 00:36:07,1.4691,1.46943
1156,2023-05-09 00:36:11,1.4691100000000001,1.46944
1157,2023-05-09 00:36:12,1.46913,1.46946
1158,2023-05-09 00:36:15,1.46912,1.46945
1159,2023-05-09 00:36:17,1.46909,1.46942
1160,2023-05-09 00:36:18,1.4691100000000001,1.46944
1161,2023-05-09 00:36:21,1.4691,1.46943
1162,2023-05-09 00:36:26,1.4691100000000001,1.46944
1163,2023-05-09 00:36:27,1.46908,1.4694099999999999
1164,2023-05-09 00:36:27,1.4690699999999999,1.4694
1165,2023-05-09 00:36:30,1.46909,1.46942
1166,2023-05-09 00:36:30,1.4691,1.46943
1167,2023-05-09 00:36:40,1.4691100000000001,1.46944
1168,2023-05-09 00:36:45,1.4691,1.46943
1169,2023-05-09 00:36:51,1.46909,1.46942
1170,2023-05-09 00:36:55,1.4691,1.46943
1171,2023-05-09 00:36:58,1.46909,1.46942
1172,2023-05-09 00:37:00,1.46909,1.46942
1173,2023-05-09 00:37:03,1.4691,1.46943
1174,2023-05-09 00:37:04,1.46909,1.46942
1175,2023-05-09 00:37:04,1.4691,1.46943
1176,2023-05-09 00:37:07,1.4691100000000001,1.46944
1177,2023-05-09 00:37:07,1.4691,1.46943
1178,2023-05-09 00:37:08,1.4691100000000001,1.46944
1179,2023-05-09 00:37:08,1.46909,1.46942
1180,2023-05-09 00:37:11,1.4691,1.46943
1181,2023-05-09 00:37:15,1.4691100000000001,1.46944
1182,2023-05-09 00:37:15,1.46909,1.46942
1183,2023-05-09 00:37:19,1.4691,1.46943
1184,2023-05-09 00:37:20,1.46909,1.46942
1185,2023-05-09 00:37:21,1.46912,1.46945
1186,2023-05-09 00:37:25,1.46913,1.46946
1187,2023-05-09 00:37:25,1.46914,1.46947
1188,2023-05-09 00:37:27,1.46913,1.46946
1189,2023-05-09 00:37:28,1.46912,1.46945
1190,2023-05-09 00:37:28,1.4691100000000001,1.46944
1191,2023-05-09 00:37:31,1.4691,1.46943
1192,2023-05-09 00:37:32,1.46913,1.46946
1193,2023-05-09 00:37:32,1.46909,1.46942
1194,2023-05-09 00:37:33,1.4691100000000001,1.46944
1195,2023-05-09 00:37:38,1.46909,1.46942
1196,2023-05-09 00:37:40,1.4691,1.46943
1197,2023-05-09 00:37:41,1.46912,1.46945
1198,2023-05-09 00:37:42,1.4691100000000001,1.46944
1199,2023-05-09 00:37:42,1.46912,1.46945
1200,2023-05-09 00:37:48,1.46915,1.46948
1201,2023-05-09 00:37:48,1.46917,1.4695
1202,2023-05-09 00:37:48,1.46918,1.46951
1203,2023-05-09 00:37:49,1.46916,1.46949
1204,2023-05-09 00:37:49,1.46915,1.46948
1205,2023-05-09 00:37:59,1.46912,1.46945
1206,2023-05-09 00:37:59,1.46914,1.46947
1207,2023-05-09 00:37:59,1.46915,1.46948
1208,2023-05-09 00:38:00,1.46915,1.46948
1209,2023-05-09 00:38:01,1.46917,1.4695
1210,2023-05-09 00:38:02,1.4692,1.46953
1211,2023-05-09 00:38:02,1.46916,1.46949
1212,2023-05-09 00:38:03,1.46919,1.46952
1213,2023-05-09 00:38:04,1.46918,1.46951
1214,2023-05-09 00:38:05,1.46919,1.46952
1215,2023-05-09 00:38:15,1.4692,1.46953
1216,2023-05-09 00:38:18,1.46915,1.46948
1217,2023-05-09 00:38:19,1.46921,1.46954
1218,2023-05-09 00:38:26,1.46922,1.46955
1219,2023-05-09 00:38:28,1.46919,1.46952
1220,2023-05-09 00:38:29,1.46916,1.46949
1221,2023-05-09 00:38:29,1.46914,1.46947
1222,2023-05-09 00:38:39,1.46915,1.46948
1223,2023-05-09 00:38:42,1.46914,1.46947
1224,2023-05-09 00:38:43,1.46915,1.46948
1225,2023-05-09 00:38:49,1.46916,1.46949
1226,2023-05-09 00:38:50,1.46915,1.46948
1227,2023-05-09 00:38:51,1.46916,1.46949
1228,2023-05-09 00:38:52,1.46917,1.4695
1229,2023-05-09 00:38:53,1.46919,1.46952
1230,2023-05-09 00:38:55,1.4692,1.46953
1231,2023-05-09 00:38:55,1.46919,1.46952
1232,2023-05-09 00:38:55,1.46918,1.46951
1233,2023-05-09 00:38:57,1.46919,1.46952
1234,2023-05-09 00:38:59,1.46918,1.46951
1235,2023-05-09 00:39:00,1.46919,1.46952
1236,2023-05-09 00:39:03,1.46918,1.46951
1237,2023-05-09 00:39:04,1.46916,1.46949
1238,2023-05-09 00:39:07,1.46917,1.4695
1239,2023-05-09 00:39:07,1.46918,1.46951
1240,2023-05-09 00:39:09,1.46919,1.46952
1241,2023-05-09 00:39:10,1.4692,1.46953
1242,2023-05-09 00:39:11,1.46919,1.46952
1243,2023-05-09 00:39:13,1.46916,1.46949
1244,2023-05-09 00:39:13,1.46915,1.46948
1245,2023-05-09 00:39:20,1.46913,1.46946
1246,2023-05-09 00:39:21,1.46915,1.46948
1247,2023-05-09 00:39:24,1.46914,1.46947
1248,2023-05-09 00:39:29,1.46913,1.46946
1249,2023-05-09 00:39:30,1.46912,1.46945
1250,2023-05-09 00:39:33,1.4691100000000001,1.46944
1251,2023-05-09 00:39:40,1.4690699999999999,1.4694
1252,2023-05-09 00:39:40,1.46908,1.4694099999999999
1253,2023-05-09 00:39:41,1.4690699999999999,1.4694
1254,2023-05-09 00:39:43,1.46908,1.4694099999999999
1255,2023-05-09 00:39:44,1.4690699999999999,1.4694
1256,2023-05-09 00:39:45,1.46906,1.46939
1257,2023-05-09 00:39:50,1.46903,1.46936
1258,2023-05-09 00:39:55,1.4689999999999999,1.46933
1259,2023-05-09 00:40:00,1.46899,1.46932
1260,2023-05-09 00:40:01,1.4689999999999999,1.46933
1261,2023-05-09 00:40:01,1.46901,1.4693399999999999
1262,2023-05-09 00:40:01,1.4689999999999999,1.46933
1263,2023-05-09 00:40:02,1.46902,1.46935
1264,2023-05-09 00:40:08,1.46905,1.4693800000000001
1265,2023-05-09 00:40:08,1.4690699999999999,1.4694
1266,2023-05-09 00:40:10,1.46905,1.4693800000000001
1267,2023-05-09 00:40:11,1.46903,1.46936
1268,2023-05-09 00:40:11,1.46905,1.4693800000000001
1269,2023-05-09 00:40:11,1.4691,1.46943
1270,2023-05-09 00:40:16,1.46913,1.46946
1271,2023-05-09 00:40:16,1.46912,1.46945
1272,2023-05-09 00:40:17,1.46914,1.46947
1273,2023-05-09 00:40:20,1.46915,1.46948
1274,2023-05-09 00:40:21,1.46914,1.46947
1275,2023-05-09 00:40:23,1.46913,1.46946
1276,2023-05-09 00:40:24,1.4691100000000001,1.46944
1277,2023-05-09 00:40:30,1.46912,1.46945
1278,2023-05-09 00:40:31,1.46916,1.46949
1279,2023-05-09 00:40:32,1.46917,1.4695
1280,2023-05-09 00:40:33,1.46916,1.46949
1281,2023-05-09 00:40:35,1.46917,1.4695
1282,2023-05-09 00:40:36,1.46916,1.46949
1283,2023-05-09 00:40:36,1.46917,1.4695
1284,2023-05-09 00:40:45,1.46916,1.46949
1285,2023-05-09 00:40:48,1.46915,1.46948
1286,2023-05-09 00:40:50,1.46916,1.46949
1287,2023-05-09 00:40:50,1.46913,1.46946
1288,2023-05-09 00:40:50,1.46916,1.46949
1289,2023-05-09 00:40:51,1.46912,1.46945
1290,2023-05-09 00:40:51,1.46914,1.46947
1291,2023-05-09 00:40:52,1.46915,1.46948
1292,2023-05-09 00:40:55,1.46916,1.46949
1293,2023-05-09 00:41:00,1.46916,1.46949
1294,2023-05-09 00:41:01,1.46917,1.4695
1295,2023-05-09 00:41:04,1.46923,1.46956
1296,2023-05-09 00:41:04,1.46924,1.46957
1297,2023-05-09 00:41:04,1.46922,1.46955
1298,2023-05-09 00:41:07,1.46923,1.46956
1299,2023-05-09 00:41:09,1.46924,1.46957
1300,2023-05-09 00:41:10,1.46923,1.46956
1301,2023-05-09 00:41:11,1.46921,1.46954
1302,2023-05-09 00:41:11,1.4692,1.46953
1303,2023-05-09 00:41:12,1.46919,1.46952
1304,2023-05-09 00:41:12,1.4692,1.46953
1305,2023-05-09 00:41:13,1.46919,1.46952
1306,2023-05-09 00:41:13,1.4692,1.46953
1307,2023-05-09 00:41:14,1.46921,1.46954
1308,2023-05-09 00:41:14,1.46923,1.46956
1309,2023-05-09 00:41:15,1.46922,1.46955
1310,2023-05-09 00:41:16,1.46923,1.46956
1311,2023-05-09 00:41:17,1.46927,1.4696
1312,2023-05-09 00:41:18,1.46928,1.46961
1313,2023-05-09 00:41:19,1.46925,1.46958
1314,2023-05-09 00:41:19,1.46928,1.46961
1315,2023-05-09 00:41:20,1.46927,1.4696
1316,2023-05-09 00:41:20,1.46928,1.46961
1317,2023-05-09 00:41:20,1.46924,1.46957
1318,2023-05-09 00:41:21,1.46923,1.46956
1319,2023-05-09 00:41:22,1.46918,1.46951
1320,2023-05-09 00:41:25,1.4692,1.46953
1321,2023-05-09 00:41:26,1.46918,1.46951
1322,2023-05-09 00:41:30,1.46919,1.46952
1323,2023-05-09 00:41:31,1.46917,1.4695
1324,2023-05-09 00:41:32,1.46918,1.46951
1325,2023-05-09 00:41:35,1.46919,1.46952
1326,2023-05-09 00:41:40,1.46922,1.46955
1327,2023-05-09 00:41:41,1.46921,1.46954
1328,2023-05-09 00:41:42,1.4692,1.46953
1329,2023-05-09 00:41:42,1.46919,1.46952
1330,2023-05-09 00:41:46,1.4692,1.46953
1331,2023-05-09 00:41:48,1.46919,1.46952
1332,2023-05-09 00:41:49,1.46916,1.46949
1333,2023-05-09 00:41:49,1.46915,1.46948
1334,2023-05-09 00:41:50,1.46914,1.46947
1335,2023-05-09 00:41:52,1.46915,1.46948
1336,2023-05-09 00:41:54,1.46914,1.46947
1337,2023-05-09 00:41:57,1.46915,1.46948
1338,2023-05-09 00:41:59,1.46918,1.46951
1339,2023-05-09 00:42:00,1.4692,1.46953
1340,2023-05-09 00:42:01,1.46917,1.4695
1341,2023-05-09 00:42:02,1.46916,1.46949
1342,2023-05-09 00:42:02,1.46917,1.4695
1343,2023-05-09 00:42:04,1.46919,1.46952
1344,2023-05-09 00:42:04,1.4692,1.46953
1345,2023-05-09 00:42:04,1.46918,1.46951
1346,2023-05-09 00:42:05,1.4692,1.46953
1347,2023-05-09 00:42:09,1.46919,1.46952
1348,2023-05-09 00:42:13,1.46918,1.46951
1349,2023-05-09 00:42:13,1.46919,1.46952
1350,2023-05-09 00:42:17,1.46918,1.46951
1351,2023-05-09 00:42:18,1.46921,1.46954
1352,2023-05-09 00:42:19,1.46919,1.46952
1353,2023-05-09 00:42:22,1.4692,1.46953
1354,2023-05-09 00:42:22,1.46917,1.4695
1355,2023-05-09 00:42:22,1.46918,1.46951
1356,2023-05-09 00:42:28,1.46919,1.46952
1357,2023-05-09 00:42:28,1.46916,1.46949
1358,2023-05-09 00:42:32,1.46915,1.46948
1359,2023-05-09 00:42:33,1.46918,1.46951
1360,2023-05-09 00:42:35,1.46917,1.4695
1361,2023-05-09 00:42:38,1.46918,1.46951
1362,2023-05-09 00:42:39,1.46916,1.46949
1363,2023-05-09 00:42:41,1.46917,1.4695
1364,2023-05-09 00:42:43,1.46916,1.46949
1365,2023-05-09 00:42:56,1.46913,1.46946
1366,2023-05-09 00:43:00,1.46913,1.46946
1367,2023-05-09 00:43:06,1.46912,1.46945
1368,2023-05-09 00:43:07,1.46913,1.46946
1369,2023-05-09 00:43:09,1.46912,1.46945
1370,2023-05-09 00:43:09,1.46908,1.4694099999999999
1371,2023-05-09 00:43:10,1.4691100000000001,1.46944
1372,2023-05-09 00:43:10,1.46912,1.46945
1373,2023-05-09 00:43:16,1.46914,1.46947
1374,2023-05-09 00:43:33,1.46918,1.46951
1375,2023-05-09 00:43:34,1.46919,1.46952
1376,2023-05-09 00:43:34,1.4692,1.46953
1377,2023-05-09 00:43:53,1.46918,1.46951
1378,2023-05-09 00:43:57,1.46919,1.46952
1379,2023-05-09 00:44:00,1.46919,1.46952
1380,2023-05-09 00:44:03,1.46918,1.46951
1381,2023-05-09 00:44:06,1.46919,1.46952
1382,2023-05-09 00:44:10,1.46918,1.46951
1383,2023-05-09 00:44:15,1.46919,1.46952
1384,2023-05-09 00:44:24,1.46923,1.46956
1385,2023-05-09 00:44:25,1.46921,1.46954
1386,2023-05-09 00:44:25,1.4692,1.46953
1387,2023-05-09 00:44:30,1.46919,1.46952
1388,2023-05-09 00:44:41,1.46918,1.46951
1389,2023-05-09 00:44:49,1.46913,1.46946
1390,2023-05-09 00:44:49,1.46912,1.46945
1391,2023-05-09 00:44:51,1.4691100000000001,1.46944
1392,2023-05-09 00:44:53,1.46905,1.4693800000000001
1393,2023-05-09 00:44:53,1.46909,1.46942
1394,2023-05-09 00:44:56,1.4690699999999999,1.4694
1395,2023-05-09 00:44:57,1.46908,1.4694099999999999
1396,2023-05-09 00:44:57,1.46909,1.46942
1397,2023-05-09 00:44:59,1.4691,1.46943
1398,2023-05-09 00:44:59,1.46909,1.46942
1399,2023-05-09 00:45:00,1.46909,1.46942
1400,2023-05-09 00:45:04,1.46908,1.4694099999999999
1401,2023-05-09 00:45:11,1.4691,1.46943
1402,2023-05-09 00:45:15,1.46909,1.46942
1403,2023-05-09 00:45:19,1.4691,1.46943
1404,2023-05-09 00:45:20,1.46909,1.46942
1405,2023-05-09 00:45:26,1.46906,1.46939
1406,2023-05-09 00:45:29,1.4690699999999999,1.4694
1407,2023-05-09 00:45:30,1.46905,1.4693800000000001
1408,2023-05-09 00:45:30,1.4690699999999999,1.4694
1409,2023-05-09 00:45:36,1.46906,1.46939
1410,2023-05-09 00:45:41,1.46905,1.4693800000000001
1411,2023-05-09 00:45:45,1.46906,1.46939
1412,2023-05-09 00:45:47,1.4690699999999999,1.4694
1413,2023-05-09 00:45:48,1.46908,1.4694099999999999
1414,2023-05-09 00:45:48,1.46912,1.46945
1415,2023-05-09 00:45:51,1.46913,1.46946
1416,2023-05-09 00:45:53,1.46914,1.46947
1417,2023-05-09 00:45:54,1.46915,1.46948
1418,2023-05-09 00:45:55,1.46918,1.46951
1419,2023-05-09 00:45:55,1.46917,1.4695
1420,2023-05-09 00:45:56,1.46918,1.46951
1421,2023-05-09 00:46:00,1.46918,1.46951
1422,2023-05-09 00:46:02,1.46917,1.4695
1423,2023-05-09 00:46:05,1.46916,1.46949
1424,2023-05-09 00:46:08,1.46918,1.46951
1425,2023-05-09 00:46:09,1.46919,1.46952
1426,2023-05-09 00:46:12,1.4692,1.46953
1427,2023-05-09 00:46:13,1.46919,1.46952
1428,2023-05-09 00:46:18,1.4692,1.46953
1429,2023-05-09 00:46:34,1.46921,1.46954
1430,2023-05-09 00:46:44,1.4692,1.46953
1431,2023-05-09 00:47:00,1.4692,1.46953
1432,2023-05-09 00:47:10,1.46916,1.46949
1433,2023-05-09 00:47:11,1.46915,1.46948
1434,2023-05-09 00:47:13,1.46916,1.46949
1435,2023-05-09 00:47:16,1.46918,1.46951
1436,2023-05-09 00:47:21,1.46917,1.4695
1437,2023-05-09 00:47:23,1.46918,1.46951
1438,2023-05-09 00:47:23,1.46917,1.4695
1439,2023-05-09 00:47:24,1.46916,1.46949
1440,2023-05-09 00:47:29,1.46917,1.4695
1441,2023-05-09 00:47:30,1.46919,1.46952
1442,2023-05-09 00:47:30,1.4692,1.46953
1443,2023-05-09 00:47:32,1.46921,1.46954
1444,2023-05-09 00:47:33,1.46922,1.46955
1445,2023-05-09 00:47:36,1.46921,1.46954
1446,2023-05-09 00:47:38,1.46922,1.46955
1447,2023-05-09 00:47:39,1.46923,1.46956
1448,2023-05-09 00:47:41,1.46924,1.46957
1449,2023-05-09 00:47:44,1.46923,1.46956
1450,2023-05-09 00:47:47,1.46922,1.46955
1451,2023-05-09 00:47:48,1.46923,1.46956
1452,2023-05-09 00:47:50,1.46924,1.46957
1453,2023-05-09 00:47:54,1.46923,1.46956
1454,2023-05-09 00:47:58,1.46924,1.46957
1455,2023-05-09 00:47:58,1.46925,1.46958
1456,2023-05-09 00:48:00,1.46925,1.46958
1457,2023-05-09 00:48:01,1.46923,1.46956
1458,2023-05-09 00:48:10,1.46927,1.4696
1459,2023-05-09 00:48:10,1.46928,1.46961
1460,2023-05-09 00:48:11,1.4693,1.46963
1461,2023-05-09 00:48:11,1.46932,1.4696500000000001
1462,2023-05-09 00:48:12,1.4693100000000001,1.46964
1463,2023-05-09 00:48:13,1.46929,1.46962
1464,2023-05-09 00:48:14,1.4693100000000001,1.46964
1465,2023-05-09 00:48:14,1.46932,1.4696500000000001
1466,2023-05-09 00:48:14,1.4693100000000001,1.46964
1467,2023-05-09 00:48:15,1.46933,1.46966
1468,2023-05-09 00:48:15,1.4693399999999999,1.46967
1469,2023-05-09 00:48:16,1.46935,1.4696799999999999
1470,2023-05-09 00:48:16,1.4693800000000001,1.46971
1471,2023-05-09 00:48:17,1.4694099999999999,1.46974
1472,2023-05-09 00:48:18,1.46943,1.46976
1473,2023-05-09 00:48:20,1.46946,1.46979
1474,2023-05-09 00:48:22,1.46944,1.46977
1475,2023-05-09 00:48:22,1.46943,1.46976
1476,2023-05-09 00:48:23,1.4694099999999999,1.46974
1477,2023-05-09 00:48:23,1.46943,1.46976
1478,2023-05-09 00:48:25,1.46944,1.46977
1479,2023-05-09 00:48:26,1.46948,1.46981
1480,2023-05-09 00:48:29,1.46947,1.4698
1481,2023-05-09 00:48:29,1.46949,1.46982
1482,2023-05-09 00:48:29,1.46948,1.46981
1483,2023-05-09 00:48:30,1.46951,1.46984
1484,2023-05-09 00:48:31,1.46953,1.46986
1485,2023-05-09 00:48:31,1.46955,1.46988
1486,2023-05-09 00:48:31,1.46953,1.46986
1487,2023-05-09 00:48:31,1.4695,1.46983
1488,2023-05-09 00:48:32,1.46948,1.46981
1489,2023-05-09 00:48:32,1.46949,1.46982
1490,2023-05-09 00:48:32,1.4695,1.46983
1491,2023-05-09 00:48:33,1.46952,1.46985
1492,2023-05-09 00:48:33,1.46954,1.46987
1493,2023-05-09 00:48:34,1.46953,1.46986
1494,2023-05-09 00:48:38,1.46956,1.46989
1495,2023-05-09 00:48:39,1.46955,1.46988
1496,2023-05-09 00:48:40,1.46956,1.46989
1497,2023-05-09 00:48:44,1.46955,1.46988
1498,2023-05-09 00:48:47,1.46954,1.46987
1499,2023-05-09 00:48:47,1.46955,1.46988
1500,2023-05-09 00:48:50,1.46948,1.46981
1501,2023-05-09 00:48:52,1.46949,1.46982
1502,2023-05-09 00:48:54,1.46947,1.4698
1503,2023-05-09 00:48:55,1.46948,1.46981
1504,2023-05-09 00:48:57,1.46949,1.46982
1505,2023-05-09 00:48:59,1.46947,1.4698
1506,2023-05-09 00:49:00,1.46947,1.4698
1507,2023-05-09 00:49:01,1.46948,1.46981
1508,2023-05-09 00:49:03,1.46951,1.46984
1509,2023-05-09 00:49:05,1.46952,1.46985
1510,2023-05-09 00:49:05,1.46953,1.46986
1511,2023-05-09 00:49:06,1.46952,1.46985
1512,2023-05-09 00:49:06,1.46955,1.46988
1513,2023-05-09 00:49:07,1.4696,1.46993
1514,2023-05-09 00:49:07,1.46961,1.46994
1515,2023-05-09 00:49:09,1.4696,1.46993
1516,2023-05-09 00:49:15,1.46956,1.46989
1517,2023-05-09 00:49:17,1.46958,1.46991
1518,2023-05-09 00:49:18,1.4696,1.46993
1519,2023-05-09 00:49:20,1.46958,1.46991
1520,2023-05-09 00:49:21,1.46957,1.4699
1521,2023-05-09 00:49:26,1.46959,1.4699200000000001
1522,2023-05-09 00:49:30,1.46958,1.46991
1523,2023-05-09 00:49:31,1.46959,1.4699200000000001
1524,2023-05-09 00:49:32,1.46956,1.46989
1525,2023-05-09 00:49:34,1.46953,1.46986
1526,2023-05-09 00:49:34,1.46955,1.46988
1527,2023-05-09 00:49:36,1.46954,1.46987
1528,2023-05-09 00:49:38,1.46956,1.46989
1529,2023-05-09 00:49:38,1.46957,1.4699
1530,2023-05-09 00:49:38,1.46958,1.46991
1531,2023-05-09 00:49:39,1.46957,1.4699
1532,2023-05-09 00:49:41,1.46958,1.46991
1533,2023-05-09 00:49:42,1.46957,1.4699
1534,2023-05-09 00:49:42,1.46956,1.46989
1535,2023-05-09 00:49:44,1.46958,1.46991
1536,2023-05-09 00:49:46,1.46957,1.4699
1537,2023-05-09 00:49:46,1.46958,1.46991
1538,2023-05-09 00:49:46,1.46956,1.46989
1539,2023-05-09 00:49:47,1.46953,1.46986
1540,2023-05-09 00:49:47,1.46954,1.46987
1541,2023-05-09 00:49:47,1.46952,1.46985
1542,2023-05-09 00:49:49,1.46955,1.46988
1543,2023-05-09 00:49:49,1.46953,1.46986
1544,2023-05-09 00:49:50,1.46951,1.46984
1545,2023-05-09 00:49:50,1.46947,1.4698
1546,2023-05-09 00:49:50,1.46946,1.46979
1547,2023-05-09 00:49:54,1.46947,1.4698
1548,2023-05-09 00:49:59,1.46948,1.46981
1549,2023-05-09 00:50:00,1.46948,1.46981
1550,2023-05-09 00:50:02,1.46949,1.46982
1551,2023-05-09 00:50:02,1.46948,1.46981
1552,2023-05-09 00:50:05,1.46946,1.46979
1553,2023-05-09 00:50:06,1.46947,1.4698
1554,2023-05-09 00:50:06,1.46948,1.46981
1555,2023-05-09 00:50:06,1.46949,1.46982
1556,2023-05-09 00:50:09,1.46948,1.46981
1557,2023-05-09 00:50:11,1.46949,1.46982
1558,2023-05-09 00:50:11,1.46948,1.46981
1559,2023-05-09 00:50:11,1.46946,1.46979
1560,2023-05-09 00:50:12,1.46948,1.46981
1561,2023-05-09 00:50:13,1.46946,1.46979
1562,2023-05-09 00:50:15,1.46943,1.46976
1563,2023-05-09 00:50:15,1.46945,1.46978
1564,2023-05-09 00:50:17,1.46946,1.46979
1565,2023-05-09 00:50:17,1.46944,1.46977
1566,2023-05-09 00:50:18,1.46943,1.46976
1567,2023-05-09 00:50:18,1.46944,1.46977
1568,2023-05-09 00:50:24,1.46943,1.46976
1569,2023-05-09 00:50:28,1.46942,1.46975
1570,2023-05-09 00:50:32,1.46943,1.46976
1571,2023-05-09 00:50:33,1.46944,1.46977
1572,2023-05-09 00:50:34,1.46943,1.46976
1573,2023-05-09 00:50:34,1.46944,1.46977
1574,2023-05-09 00:50:36,1.46943,1.46976
1575,2023-05-09 00:50:39,1.46942,1.46975
1576,2023-05-09 00:50:41,1.46945,1.46978
1577,2023-05-09 00:50:43,1.46944,1.46977
1578,2023-05-09 00:50:45,1.46945,1.46978
1579,2023-05-09 00:50:52,1.46948,1.46981
1580,2023-05-09 00:50:53,1.4695,1.46983
1581,2023-05-09 00:50:53,1.46948,1.46981
1582,2023-05-09 00:50:55,1.46949,1.46982
1583,2023-05-09 00:50:56,1.46951,1.46984
1584,2023-05-09 00:51:00,1.46951,1.46984
1585,2023-05-09 00:51:00,1.46949,1.46982
1586,2023-05-09 00:51:01,1.4695,1.46983
1587,2023-05-09 00:51:01,1.46951,1.46984
1588,2023-05-09 00:51:01,1.4695,1.46983
1589,2023-05-09 00:51:02,1.46951,1.46984
1590,2023-05-09 00:51:02,1.46952,1.46985
1591,2023-05-09 00:51:04,1.46953,1.46986
1592,2023-05-09 00:51:06,1.46954,1.46987
1593,2023-05-09 00:51:06,1.46953,1.46986
1594,2023-05-09 00:51:11,1.46954,1.46987
1595,2023-05-09 00:51:14,1.46955,1.46988
1596,2023-05-09 00:51:14,1.46953,1.46986
1597,2023-05-09 00:51:15,1.46955,1.46988
1598,2023-05-09 00:51:15,1.46957,1.4699
1599,2023-05-09 00:51:15,1.46958,1.46991
1600,2023-05-09 00:51:17,1.46959,1.4699200000000001
1601,2023-05-09 00:51:19,1.46958,1.46991
1602,2023-05-09 00:51:20,1.46956,1.46989
1603,2023-05-09 00:51:30,1.46953,1.46986
1604,2023-05-09 00:51:30,1.46955,1.46988
1605,2023-05-09 00:51:30,1.46954,1.46987
1606,2023-05-09 00:51:31,1.46955,1.46988
1607,2023-05-09 00:51:36,1.46956,1.46989
1608,2023-05-09 00:51:36,1.46955,1.46988
1609,2023-05-09 00:51:36,1.46956,1.46989
1610,2023-05-09 00:51:38,1.46957,1.4699
1611,2023-05-09 00:51:41,1.46959,1.4699200000000001
1612,2023-05-09 00:51:56,1.4696,1.46993
1613,2023-05-09 00:52:00,1.4696,1.46993
1614,2023-05-09 00:52:00,1.46958,1.46991
1615,2023-05-09 00:52:00,1.46957,1.4699
1616,2023-05-09 00:52:09,1.46958,1.46991
1617,2023-05-09 00:52:10,1.46959,1.4699200000000001
1618,2023-05-09 00:52:11,1.4696,1.46993
1619,2023-05-09 00:52:12,1.46958,1.46991
1620,2023-05-09 00:52:13,1.4696,1.46993
1621,2023-05-09 00:52:16,1.46959,1.4699200000000001
1622,2023-05-09 00:52:18,1.46958,1.46991
1623,2023-05-09 00:52:21,1.46959,1.4699200000000001
1624,2023-05-09 00:52:24,1.46956,1.46989
1625,2023-05-09 00:52:25,1.46954,1.46987
1626,2023-05-09 00:52:25,1.46955,1.46988
1627,2023-05-09 00:52:28,1.46957,1.4699
1628,2023-05-09 00:52:28,1.46958,1.46991
1629,2023-05-09 00:52:31,1.46957,1.4699
1630,2023-05-09 00:52:33,1.46958,1.46991
1631,2023-05-09 00:52:37,1.46957,1.4699
1632,2023-05-09 00:52:37,1.46955,1.46988
1633,2023-05-09 00:52:41,1.46956,1.46989
1634,2023-05-09 00:52:44,1.46959,1.4699200000000001
1635,2023-05-09 00:52:44,1.46957,1.4699
1636,2023-05-09 00:52:45,1.46958,1.46991
1637,2023-05-09 00:52:45,1.46959,1.4699200000000001
1638,2023-05-09 00:52:50,1.4696,1.46993
1639,2023-05-09 00:52:51,1.46959,1.4699200000000001
1640,2023-05-09 00:52:52,1.4696,1.46993
1641,2023-05-09 00:53:00,1.4696,1.46993
1642,2023-05-09 00:53:08,1.46959,1.4699200000000001
1643,2023-05-09 00:53:08,1.46957,1.4699
1644,2023-05-09 00:53:08,1.46958,1.46991
1645,2023-05-09 00:53:09,1.46959,1.4699200000000001
1646,2023-05-09 00:53:09,1.4696,1.46993
1647,2023-05-09 00:53:11,1.46959,1.4699200000000001
1648,2023-05-09 00:53:12,1.46956,1.46989
1649,2023-05-09 00:53:12,1.46957,1.4699
1650,2023-05-09 00:53:12,1.46956,1.46989
1651,2023-05-09 00:53:13,1.46955,1.46988
1652,2023-05-09 00:53:18,1.46956,1.46989
1653,2023-05-09 00:53:18,1.46954,1.46987
1654,2023-05-09 00:53:20,1.46955,1.46988
1655,2023-05-09 00:53:29,1.46954,1.46987
1656,2023-05-09 00:53:29,1.46953,1.46986
1657,2023-05-09 00:53:30,1.46951,1.46984
1658,2023-05-09 00:53:31,1.46952,1.46985
1659,2023-05-09 00:53:33,1.46951,1.46984
1660,2023-05-09 00:53:34,1.4695,1.46983
1661,2023-05-09 00:53:34,1.46947,1.4698
1662,2023-05-09 00:53:35,1.46949,1.46982
1663,2023-05-09 00:53:42,1.46952,1.46985
1664,2023-05-09 00:53:50,1.46949,1.46982
1665,2023-05-09 00:53:52,1.46948,1.46981
1666,2023-05-09 00:53:54,1.46947,1.4698
1667,2023-05-09 00:53:58,1.46948,1.46981
1668,2023-05-09 00:54:00,1.46948,1.46981
1669,2023-05-09 00:54:00,1.46943,1.46976
1670,2023-05-09 00:54:00,1.46944,1.46977
1671,2023-05-09 00:54:02,1.46943,1.46976
1672,2023-05-09 00:54:04,1.46944,1.46977
1673,2023-05-09 00:54:05,1.46942,1.46975
1674,2023-05-09 00:54:07,1.46943,1.46976
1675,2023-05-09 00:54:17,1.46942,1.46975
1676,2023-05-09 00:54:19,1.46943,1.46976
1677,2023-05-09 00:54:25,1.46942,1.46975
1678,2023-05-09 00:54:27,1.46943,1.46976
1679,2023-05-09 00:54:29,1.46945,1.46978
1680,2023-05-09 00:54:30,1.46943,1.46976
1681,2023-05-09 00:54:33,1.46942,1.46975
1682,2023-05-09 00:54:34,1.46936,1.46969
1683,2023-05-09 00:54:35,1.4693399999999999,1.46967
1684,2023-05-09 00:54:36,1.4693800000000001,1.46971
1685,2023-05-09 00:54:38,1.4693399999999999,1.46967
1686,2023-05-09 00:54:39,1.46933,1.46966
1687,2023-05-09 00:54:40,1.46932,1.4696500000000001
1688,2023-05-09 00:54:41,1.46933,1.46966
1689,2023-05-09 00:54:42,1.4693399999999999,1.46967
1690,2023-05-09 00:54:43,1.46933,1.46966
1691,2023-05-09 00:54:43,1.4693100000000001,1.46964
1692,2023-05-09 00:54:44,1.4693,1.46963
1693,2023-05-09 00:54:44,1.46935,1.4696799999999999
1694,2023-05-09 00:54:45,1.46932,1.4696500000000001
1695,2023-05-09 00:54:47,1.4693100000000001,1.46964
1696,2023-05-09 00:54:47,1.46933,1.46966
1697,2023-05-09 00:54:48,1.46932,1.4696500000000001
1698,2023-05-09 00:54:49,1.4693,1.46963
1699,2023-05-09 00:54:51,1.46929,1.46962
1700,2023-05-09 00:54:52,1.46925,1.46958
1701,2023-05-09 00:54:52,1.46926,1.46959
1702,2023-05-09 00:54:53,1.46924,1.46957
1703,2023-05-09 00:54:53,1.46925,1.46958
1704,2023-05-09 00:54:54,1.46924,1.46957
1705,2023-05-09 00:54:56,1.46923,1.46956
1706,2023-05-09 00:54:56,1.46925,1.46958
1707,2023-05-09 00:54:57,1.46926,1.46959
1708,2023-05-09 00:54:57,1.46927,1.4696
1709,2023-05-09 00:54:58,1.46925,1.46958
1710,2023-05-09 00:54:58,1.46926,1.46959
1711,2023-05-09 00:54:59,1.46919,1.46952
1712,2023-05-09 00:54:59,1.46921,1.46954
1713,2023-05-09 00:55:00,1.46925,1.46958
1714,2023-05-09 00:55:00,1.46928,1.46961
1715,2023-05-09 00:55:00,1.4693,1.46963
1716,2023-05-09 00:55:00,1.46929,1.46962
1717,2023-05-09 00:55:01,1.4693,1.46963
1718,2023-05-09 00:55:02,1.4693100000000001,1.46964
1719,2023-05-09 00:55:02,1.46932,1.4696500000000001
1720,2023-05-09 00:55:03,1.4693399999999999,1.46967
1721,2023-05-09 00:55:05,1.46935,1.4696799999999999
1722,2023-05-09 00:55:05,1.46932,1.4696500000000001
1723,2023-05-09 00:55:05,1.4693399999999999,1.46967
1724,2023-05-09 00:55:08,1.46932,1.4696500000000001
1725,2023-05-09 00:55:09,1.4693399999999999,1.46967
1726,2023-05-09 00:55:09,1.46935,1.4696799999999999
1727,2023-05-09 00:55:10,1.4693800000000001,1.46971
1728,2023-05-09 00:55:11,1.4694,1.46973
1729,2023-05-09 00:55:16,1.4694099999999999,1.46974
1730,2023-05-09 00:55:19,1.46942,1.46975
1731,2023-05-09 00:55:19,1.4694099999999999,1.46974
1732,2023-05-09 00:55:19,1.46942,1.46975
1733,2023-05-09 00:55:20,1.4694099999999999,1.46974
1734,2023-05-09 00:55:23,1.46942,1.46975
1735,2023-05-09 00:55:24,1.46945,1.46978
1736,2023-05-09 00:55:27,1.46946,1.46979
1737,2023-05-09 00:55:30,1.46942,1.46975
1738,2023-05-09 00:55:30,1.46944,1.46977
1739,2023-05-09 00:55:31,1.46945,1.46978
1740,2023-05-09 00:55:31,1.46946,1.46979
1741,2023-05-09 00:55:36,1.46945,1.46978
1742,2023-05-09 00:55:39,1.46949,1.46982
1743,2023-05-09 00:55:41,1.46946,1.46979
1744,2023-05-09 00:55:41,1.46949,1.46982
1745,2023-05-09 00:55:44,1.4695,1.46983
1746,2023-05-09 00:55:47,1.46949,1.46982
1747,2023-05-09 00:55:48,1.46951,1.46984
1748,2023-05-09 00:55:54,1.46952,1.46985
1749,2023-05-09 00:55:57,1.46953,1.46986
1750,2023-05-09 00:55:58,1.46954,1.46987
1751,2023-05-09 00:56:00,1.46955,1.46988
1752,2023-05-09 00:56:00,1.46954,1.46987
1753,2023-05-09 00:56:00,1.46956,1.46989
1754,2023-05-09 00:56:01,1.46953,1.46986
1755,2023-05-09 00:56:04,1.46954,1.46987
1756,2023-05-09 00:56:04,1.46955,1.46988
1757,2023-05-09 00:56:10,1.46956,1.46989
1758,2023-05-09 00:56:11,1.46954,1.46987
1759,2023-05-09 00:56:11,1.46958,1.46991
1760,2023-05-09 00:56:12,1.46956,1.46989
1761,2023-05-09 00:56:12,1.46957,1.4699
1762,2023-05-09 00:56:15,1.46954,1.46987
1763,2023-05-09 00:56:18,1.46956,1.46989
1764,2023-05-09 00:56:18,1.46957,1.4699
1765,2023-05-09 00:56:21,1.46956,1.46989
1766,2023-05-09 00:56:27,1.46953,1.46986
1767,2023-05-09 00:56:27,1.46954,1.46987
1768,2023-05-09 00:56:28,1.46953,1.46986
1769,2023-05-09 00:56:31,1.46952,1.46985
1770,2023-05-09 00:56:33,1.4695,1.46983
1771,2023-05-09 00:56:33,1.46951,1.46984
1772,2023-05-09 00:56:37,1.4695,1.46983
1773,2023-05-09 00:56:41,1.46951,1.46984
1774,2023-05-09 00:56:43,1.46949,1.46982
1775,2023-05-09 00:56:43,1.46951,1.46984
1776,2023-05-09 00:56:44,1.4695,1.46983
1777,2023-05-09 00:56:47,1.46951,1.46984
1778,2023-05-09 00:56:50,1.4695,1.46983
1779,2023-05-09 00:56:51,1.46951,1.46984
1780,2023-05-09 00:56:53,1.4695,1.46983
1781,2023-05-09 00:56:54,1.46951,1.46984
1782,2023-05-09 00:56:55,1.4695,1.46983
1783,2023-05-09 00:56:56,1.46951,1.46984
1784,2023-05-09 00:56:56,1.4695,1.46983
1785,2023-05-09 00:56:57,1.46951,1.46984
1786,2023-05-09 00:57:00,1.4695,1.46983
1787,2023-05-09 00:57:02,1.46951,1.46984
1788,2023-05-09 00:57:03,1.46952,1.46985
1789,2023-05-09 00:57:03,1.46949,1.46982
1790,2023-05-09 00:57:11,1.4695,1.46983
1791,2023-05-09 00:57:14,1.46948,1.46981
1792,2023-05-09 00:57:21,1.46949,1.46982
1793,2023-05-09 00:57:24,1.46953,1.46986
1794,2023-05-09 00:57:32,1.46952,1.46985
1795,2023-05-09 00:57:32,1.46953,1.46986
1796,2023-05-09 00:57:34,1.46952,1.46985
1797,2023-05-09 00:57:35,1.46953,1.46986
1798,2023-05-09 00:57:40,1.46954,1.46987
1799,2023-05-09 00:57:43,1.46956,1.46989
1800,2023-05-09 00:57:44,1.46954,1.46987
1801,2023-05-09 00:57:47,1.46955,1.46988
1802,2023-05-09 00:57:53,1.46954,1.46987
1803,2023-05-09 00:58:00,1.46954,1.46987
1804,2023-05-09 00:58:00,1.46951,1.46984
1805,2023-05-09 00:58:02,1.4695,1.46983
1806,2023-05-09 00:58:08,1.46949,1.46982
1807,2023-05-09 00:58:10,1.46948,1.46981
1808,2023-05-09 00:58:11,1.46952,1.46985
1809,2023-05-09 00:58:11,1.46953,1.46986
1810,2023-05-09 00:58:20,1.46948,1.46981
1811,2023-05-09 00:58:21,1.4695,1.46983
1812,2023-05-09 00:58:21,1.46952,1.46985
1813,2023-05-09 00:58:22,1.46953,1.46986
1814,2023-05-09 00:58:22,1.46952,1.46985
1815,2023-05-09 00:58:26,1.46951,1.46984
1816,2023-05-09 00:58:29,1.46952,1.46985
1817,2023-05-09 00:58:32,1.46951,1.46984
1818,2023-05-09 00:58:32,1.46952,1.46985
1819,2023-05-09 00:58:35,1.46953,1.46986
1820,2023-05-09 00:58:36,1.46952,1.46985
1821,2023-05-09 00:58:40,1.46953,1.46986
1822,2023-05-09 00:58:42,1.46954,1.46987
1823,2023-05-09 00:58:42,1.46952,1.46985
1824,2023-05-09 00:58:45,1.46951,1.46984
1825,2023-05-09 00:58:46,1.46954,1.46987
1826,2023-05-09 00:58:48,1.46956,1.46989
1827,2023-05-09 00:58:49,1.46953,1.46986
1828,2023-05-09 00:58:50,1.46954,1.46987
1829,2023-05-09 00:58:51,1.46955,1.46988
1830,2023-05-09 00:58:52,1.46956,1.46989
1831,2023-05-09 00:58:54,1.46957,1.4699
1832,2023-05-09 00:58:57,1.46956,1.46989
1833,2023-05-09 00:58:59,1.46957,1.4699
1834,2023-05-09 00:58:59,1.46958,1.46991
1835,2023-05-09 00:59:00,1.46958,1.46991
1836,2023-05-09 00:59:02,1.46957,1.4699
1837,2023-05-09 00:59:06,1.46958,1.46991
1838,2023-05-09 00:59:22,1.46959,1.4699200000000001
1839,2023-05-09 00:59:29,1.4696,1.46993
1840,2023-05-09 00:59:30,1.46959,1.4699200000000001
1841,2023-05-09 00:59:37,1.46958,1.46991
1842,2023-05-09 00:59:37,1.46956,1.46989
1843,2023-05-09 00:59:45,1.46955,1.46988
1844,2023-05-09 00:59:45,1.46957,1.4699
1845,2023-05-09 00:59:57,1.46958,1.46991
1846,2023-05-09 01:00:00,1.46958,1.46991
1847,2023-05-09 01:00:04,1.46959,1.4699200000000001
1848,2023-05-09 01:00:04,1.4696,1.46993
1849,2023-05-09 01:00:07,1.46958,1.46991
1850,2023-05-09 01:00:18,1.46959,1.4699200000000001
1851,2023-05-09 01:00:18,1.4696,1.46993
1852,2023-05-09 01:00:20,1.46961,1.46994
1853,2023-05-09 01:00:21,1.4696500000000001,1.46998
1854,2023-05-09 01:00:26,1.46966,1.4699900000000001
1855,2023-05-09 01:00:33,1.46967,1.47
1856,2023-05-09 01:00:34,1.4696799999999999,1.47001
1857,2023-05-09 01:00:36,1.46969,1.4700199999999999
1858,2023-05-09 01:00:42,1.4697,1.47003
1859,2023-05-09 01:00:44,1.46971,1.47004
1860,2023-05-09 01:00:48,1.4697,1.47003
1861,2023-05-09 01:00:55,1.4696799999999999,1.47001
1862,2023-05-09 01:00:57,1.46967,1.47
1863,2023-05-09 01:01:00,1.46967,1.47
1864,2023-05-09 01:01:04,1.46966,1.4699900000000001
1865,2023-05-09 01:01:04,1.46963,1.46996
1866,2023-05-09 01:01:05,1.46961,1.46994
1867,2023-05-09 01:01:10,1.46959,1.4699200000000001
1868,2023-05-09 01:01:10,1.46956,1.46989
1869,2023-05-09 01:01:13,1.46951,1.46984
1870,2023-05-09 01:01:18,1.4695,1.46983
1871,2023-05-09 01:01:18,1.46951,1.46984
1872,2023-05-09 01:01:19,1.46952,1.46985
1873,2023-05-09 01:01:19,1.4695,1.46983
1874,2023-05-09 01:01:22,1.46951,1.46984
1875,2023-05-09 01:01:24,1.46953,1.46986
1876,2023-05-09 01:01:25,1.46952,1.46985
1877,2023-05-09 01:01:27,1.46953,1.46986
1878,2023-05-09 01:01:31,1.46956,1.46989
1879,2023-05-09 01:01:31,1.4695,1.46983
1880,2023-05-09 01:01:36,1.46952,1.46985
1881,2023-05-09 01:01:47,1.46955,1.46988
1882,2023-05-09 01:01:50,1.46952,1.46985
1883,2023-05-09 01:01:52,1.46956,1.46989
1884,2023-05-09 01:01:59,1.46955,1.46988
1885,2023-05-09 01:02:00,1.46955,1.46988
1886,2023-05-09 01:02:01,1.46958,1.46991
1887,2023-05-09 01:02:01,1.46956,1.46989
1888,2023-05-09 01:02:02,1.4695,1.46983
1889,2023-05-09 01:02:21,1.46948,1.46981
1890,2023-05-09 01:02:30,1.4695,1.46983
1891,2023-05-09 01:02:37,1.46952,1.46985
1892,2023-05-09 01:02:40,1.46954,1.46987
1893,2023-05-09 01:02:43,1.46953,1.46986
1894,2023-05-09 01:02:44,1.46954,1.46987
1895,2023-05-09 01:02:50,1.46955,1.46988
1896,2023-05-09 01:02:50,1.46954,1.46987
1897,2023-05-09 01:03:00,1.46954,1.46987
1898,2023-05-09 01:03:01,1.46952,1.46985
1899,2023-05-09 01:03:01,1.46954,1.46987
1900,2023-05-09 01:03:09,1.46955,1.46988
1901,2023-05-09 01:03:09,1.46957,1.4699
1902,2023-05-09 01:03:14,1.46956,1.46989
1903,2023-05-09 01:03:17,1.46954,1.46987
1904,2023-05-09 01:03:17,1.46955,1.46988
1905,2023-05-09 01:03:18,1.46954,1.46987
1906,2023-05-09 01:03:18,1.46952,1.46985
1907,2023-05-09 01:03:19,1.46955,1.46988
1908,2023-05-09 01:03:21,1.46952,1.46985
1909,2023-05-09 01:03:22,1.46954,1.46987
1910,2023-05-09 01:03:26,1.46952,1.46985
1911,2023-05-09 01:03:26,1.46953,1.46986
1912,2023-05-09 01:03:27,1.46955,1.46988
1913,2023-05-09 01:03:29,1.46956,1.46989
1914,2023-05-09 01:03:32,1.46957,1.4699
1915,2023-05-09 01:03:37,1.46958,1.46991
1916,2023-05-09 01:03:40,1.46959,1.4699200000000001
1917,2023-05-09 01:03:53,1.46958,1.46991
1918,2023-05-09 01:03:53,1.46957,1.4699
1919,2023-05-09 01:03:58,1.46956,1.46989
1920,2023-05-09 01:04:00,1.46956,1.46989
1921,2023-05-09 01:04:01,1.46954,1.46987
1922,2023-05-09 01:04:02,1.46952,1.46985
1923,2023-05-09 01:04:03,1.46953,1.46986
1924,2023-05-09 01:04:08,1.46954,1.46987
1925,2023-05-09 01:04:09,1.46955,1.46988
1926,2023-05-09 01:04:13,1.46957,1.4699
1927,2023-05-09 01:04:14,1.46956,1.46989
1928,2023-05-09 01:04:16,1.46954,1.46987
1929,2023-05-09 01:04:18,1.46948,1.46981
1930,2023-05-09 01:04:19,1.46952,1.46985
1931,2023-05-09 01:04:21,1.4695,1.46983
1932,2023-05-09 01:04:39,1.46953,1.46986
1933,2023-05-09 01:04:46,1.46951,1.46984
1934,2023-05-09 01:04:47,1.46948,1.46981
1935,2023-05-09 01:04:50,1.46949,1.46982
1936,2023-05-09 01:04:50,1.46947,1.4698
1937,2023-05-09 01:05:00,1.46947,1.4698
1938,2023-05-09 01:05:02,1.46948,1.46981
1939,2023-05-09 01:05:02,1.46947,1.4698
1940,2023-05-09 01:05:07,1.46949,1.46982
1941,2023-05-09 01:05:08,1.4695,1.46983
1942,2023-05-09 01:05:08,1.46949,1.46982
1943,2023-05-09 01:05:08,1.46947,1.4698
1944,2023-05-09 01:05:11,1.46949,1.46982
1945,2023-05-09 01:05:15,1.46946,1.46979
1946,2023-05-09 01:05:15,1.46944,1.46977
1947,2023-05-09 01:05:16,1.46946,1.46979
1948,2023-05-09 01:05:19,1.46944,1.46977
1949,2023-05-09 01:05:19,1.46946,1.46979
1950,2023-05-09 01:05:19,1.46947,1.4698
1951,2023-05-09 01:05:24,1.46946,1.46979
1952,2023-05-09 01:05:27,1.46947,1.4698
1953,2023-05-09 01:05:36,1.46946,1.46979
1954,2023-05-09 01:05:37,1.46947,1.4698
1955,2023-05-09 01:05:38,1.46946,1.46979
1956,2023-05-09 01:05:44,1.46942,1.46975
1957,2023-05-09 01:05:44,1.46944,1.46977
1958,2023-05-09 01:05:53,1.46942,1.46975
1959,2023-05-09 01:06:00,1.46942,1.46975
1960,2023-05-09 01:06:00,1.46943,1.46976
1961,2023-05-09 01:06:03,1.4694099999999999,1.46974
1962,2023-05-09 01:06:07,1.46939,1.4697200000000001
1963,2023-05-09 01:06:11,1.4694,1.46973
1964,2023-05-09 01:06:26,1.46939,1.4697200000000001
1965,2023-05-09 01:06:29,1.4694099999999999,1.46974
1966,2023-05-09 01:06:31,1.4694,1.46973
1967,2023-05-09 01:06:31,1.4693800000000001,1.46971
1968,2023-05-09 01:06:33,1.46942,1.46975
1969,2023-05-09 01:06:33,1.46944,1.46977
1970,2023-05-09 01:06:36,1.46945,1.46978
1971,2023-05-09 01:06:37,1.46946,1.46979
1972,2023-05-09 01:07:00,1.46945,1.46978
1973,2023-05-09 01:07:00,1.46942,1.46975
1974,2023-05-09 01:07:06,1.4694099999999999,1.46974
1975,2023-05-09 01:07:06,1.4694,1.46973
1976,2023-05-09 01:07:07,1.46943,1.46976
1977,2023-05-09 01:07:09,1.46942,1.46975
1978,2023-05-09 01:07:14,1.46944,1.46977
1979,2023-05-09 01:07:16,1.46943,1.46976
1980,2023-05-09 01:07:17,1.46947,1.4698
1981,2023-05-09 01:07:17,1.46945,1.46978
1982,2023-05-09 01:07:19,1.46948,1.46981
1983,2023-05-09 01:07:20,1.46951,1.46984
1984,2023-05-09 01:07:22,1.4695,1.46983
1985,2023-05-09 01:07:24,1.46949,1.46982
1986,2023-05-09 01:07:24,1.4695,1.46983
1987,2023-05-09 01:07:30,1.46949,1.46982
1988,2023-05-09 01:07:38,1.4695,1.46983
1989,2023-05-09 01:07:41,1.46949,1.46982
1990,2023-05-09 01:08:00,1.46949,1.46982
1991,2023-05-09 01:08:02,1.4695,1.46983
1992,2023-05-09 01:08:02,1.46951,1.46984
1993,2023-05-09 01:08:05,1.4695,1.46983
1994,2023-05-09 01:08:06,1.46951,1.46984
1995,2023-05-09 01:08:08,1.46953,1.46986
1996,2023-05-09 01:08:10,1.46952,1.46985
1997,2023-05-09 01:08:14,1.46953,1.46986
1998,2023-05-09 01:08:17,1.46954,1.46987
1999,2023-05-09 01:08:28,1.46953,1.46986
2000,2023-05-09 01:08:29,1.46954,1.46987
2001,2023-05-09 01:08:30,1.46957,1.4699
2002,2023-05-09 01:08:30,1.46959,1.4699200000000001
2003,2023-05-09 01:08:42,1.46963,1.46996
2004,2023-05-09 01:08:43,1.4696,1.46993
2005,2023-05-09 01:08:43,1.46961,1.46994
2006,2023-05-09 01:08:44,1.46958,1.46991
2007,2023-05-09 01:08:58,1.4696,1.46993
2008,2023-05-09 01:09:00,1.4696,1.46993
2009,2023-05-09 01:09:00,1.46961,1.46994
2010,2023-05-09 01:09:02,1.46959,1.4699200000000001
2011,2023-05-09 01:09:09,1.46954,1.46987
2012,2023-05-09 01:09:10,1.46957,1.4699
2013,2023-05-09 01:09:22,1.46956,1.46989
2014,2023-05-09 01:09:22,1.46955,1.46988
2015,2023-05-09 01:09:23,1.46954,1.46987
2016,2023-05-09 01:09:31,1.46953,1.46986
2017,2023-05-09 01:09:34,1.46952,1.46985
2018,2023-05-09 01:09:36,1.46953,1.46986
2019,2023-05-09 01:09:38,1.46954,1.46987
2020,2023-05-09 01:09:40,1.46953,1.46986
2021,2023-05-09 01:09:42,1.46954,1.46987
2022,2023-05-09 01:09:44,1.46953,1.46986
2023,2023-05-09 01:09:46,1.46952,1.46985
2024,2023-05-09 01:09:49,1.46951,1.46984
2025,2023-05-09 01:09:57,1.46953,1.46986
2026,2023-05-09 01:09:59,1.46956,1.46989
2027,2023-05-09 01:10:00,1.46956,1.46989
2028,2023-05-09 01:10:00,1.46955,1.46988
2029,2023-05-09 01:10:02,1.46961,1.46994
2030,2023-05-09 01:10:06,1.46962,1.4699499999999999
2031,2023-05-09 01:10:09,1.46961,1.46994
2032,2023-05-09 01:10:11,1.46962,1.4699499999999999
2033,2023-05-09 01:10:16,1.46964,1.46997
2034,2023-05-09 01:10:18,1.46962,1.4699499999999999
2035,2023-05-09 01:10:19,1.46964,1.46997
2036,2023-05-09 01:10:20,1.46967,1.47
2037,2023-05-09 01:10:20,1.46966,1.4699900000000001
2038,2023-05-09 01:10:22,1.46967,1.47
2039,2023-05-09 01:10:23,1.46966,1.4699900000000001
2040,2023-05-09 01:10:23,1.46964,1.46997
2041,2023-05-09 01:10:24,1.46967,1.47
2042,2023-05-09 01:10:24,1.46966,1.4699900000000001
2043,2023-05-09 01:10:25,1.4696500000000001,1.46998
2044,2023-05-09 01:10:27,1.46964,1.46997
2045,2023-05-09 01:10:29,1.4696500000000001,1.46998
2046,2023-05-09 01:10:29,1.46964,1.46997
2047,2023-05-09 01:10:34,1.46963,1.46996
2048,2023-05-09 01:10:35,1.46962,1.4699499999999999
2049,2023-05-09 01:10:37,1.46964,1.46997
2050,2023-05-09 01:10:37,1.46963,1.46996
2051,2023-05-09 01:10:47,1.4696500000000001,1.46998
2052,2023-05-09 01:10:49,1.46964,1.46997
2053,2023-05-09 01:10:52,1.4696500000000001,1.46998
2054,2023-05-09 01:10:56,1.46964,1.46997
2055,2023-05-09 01:10:56,1.4696500000000001,1.46998
2056,2023-05-09 01:11:00,1.4696500000000001,1.46998
2057,2023-05-09 01:11:01,1.46966,1.4699900000000001
2058,2023-05-09 01:11:08,1.46967,1.47
2059,2023-05-09 01:11:17,1.4696500000000001,1.46998
2060,2023-05-09 01:11:18,1.46964,1.46997
2061,2023-05-09 01:11:21,1.4696500000000001,1.46998
2062,2023-05-09 01:11:22,1.46964,1.46997
2063,2023-05-09 01:11:23,1.46963,1.46996
2064,2023-05-09 01:11:26,1.46962,1.4699499999999999
2065,2023-05-09 01:11:26,1.46963,1.46996
2066,2023-05-09 01:11:28,1.46964,1.46997
2067,2023-05-09 01:11:33,1.4696500000000001,1.46998
2068,2023-05-09 01:11:37,1.46964,1.46997
2069,2023-05-09 01:11:40,1.4696500000000001,1.46998
2070,2023-05-09 01:11:41,1.46964,1.46997
2071,2023-05-09 01:11:42,1.4696500000000001,1.46998
2072,2023-05-09 01:11:44,1.46964,1.46997
2073,2023-05-09 01:11:44,1.4696500000000001,1.46998
2074,2023-05-09 01:11:49,1.46964,1.46997
2075,2023-05-09 01:11:49,1.4696500000000001,1.46998
2076,2023-05-09 01:11:50,1.46966,1.4699900000000001
2077,2023-05-09 01:11:50,1.4696500000000001,1.46998
2078,2023-05-09 01:11:53,1.46964,1.46997
2079,2023-05-09 01:11:56,1.46963,1.46996
2080,2023-05-09 01:11:59,1.46964,1.46997
2081,2023-05-09 01:12:00,1.46964,1.46997
2082,2023-05-09 01:12:00,1.46963,1.46996
2083,2023-05-09 01:12:02,1.46962,1.4699499999999999
2084,2023-05-09 01:12:04,1.46961,1.46994
2085,2023-05-09 01:12:06,1.4696,1.46993
2086,2023-05-09 01:12:07,1.46961,1.46994
2087,2023-05-09 01:12:07,1.46964,1.46997
2088,2023-05-09 01:12:10,1.46963,1.46996
2089,2023-05-09 01:12:11,1.46955,1.46988
2090,2023-05-09 01:12:14,1.46956,1.46989
2091,2023-05-09 01:12:14,1.46957,1.4699
2092,2023-05-09 01:12:18,1.46956,1.46989
2093,2023-05-09 01:12:18,1.46955,1.46988
2094,2023-05-09 01:12:21,1.46953,1.46986
2095,2023-05-09 01:12:21,1.46954,1.46987
2096,2023-05-09 01:12:24,1.46955,1.46988
2097,2023-05-09 01:12:27,1.46952,1.46985
2098,2023-05-09 01:12:27,1.46953,1.46986
2099,2023-05-09 01:12:31,1.46954,1.46987
2100,2023-05-09 01:12:40,1.46953,1.46986
2101,2023-05-09 01:12:43,1.46952,1.46985
2102,2023-05-09 01:12:44,1.46951,1.46984
2103,2023-05-09 01:12:46,1.4695,1.46983
2104,2023-05-09 01:12:54,1.46949,1.46982
2105,2023-05-09 01:12:56,1.4695,1.46983
2106,2023-05-09 01:12:59,1.46951,1.46984
2107,2023-05-09 01:13:00,1.46951,1.46984
2108,2023-05-09 01:13:02,1.4695,1.46983
2109,2023-05-09 01:13:02,1.46952,1.46985
2110,2023-05-09 01:13:05,1.46953,1.46986
2111,2023-05-09 01:13:14,1.46948,1.46981
2112,2023-05-09 01:13:16,1.46949,1.46982
2113,2023-05-09 01:13:22,1.46952,1.46985
2114,2023-05-09 01:13:22,1.46951,1.46984
2115,2023-05-09 01:13:22,1.46952,1.46985
2116,2023-05-09 01:13:27,1.4695,1.46983
2117,2023-05-09 01:13:30,1.46951,1.46984
2118,2023-05-09 01:13:31,1.4695,1.46983
2119,2023-05-09 01:13:32,1.46951,1.46984
2120,2023-05-09 01:13:39,1.46953,1.46986
2121,2023-05-09 01:13:41,1.46951,1.46984
2122,2023-05-09 01:13:44,1.46952,1.46985
2123,2023-05-09 01:13:46,1.46951,1.46984
2124,2023-05-09 01:13:48,1.46952,1.46985
2125,2023-05-09 01:13:52,1.46951,1.46984
2126,2023-05-09 01:13:56,1.4695,1.46983
2127,2023-05-09 01:13:56,1.46953,1.46986
2128,2023-05-09 01:13:57,1.46951,1.46984
2129,2023-05-09 01:14:00,1.4695,1.46983
2130,2023-05-09 01:14:01,1.46951,1.46984
2131,2023-05-09 01:14:02,1.4695,1.46983
2132,2023-05-09 01:14:04,1.46951,1.46984
2133,2023-05-09 01:14:04,1.46952,1.46985
2134,2023-05-09 01:14:05,1.46953,1.46986
2135,2023-05-09 01:14:05,1.46957,1.4699
2136,2023-05-09 01:14:07,1.46958,1.46991
2137,2023-05-09 01:14:11,1.46957,1.4699
2138,2023-05-09 01:14:13,1.46964,1.46997
2139,2023-05-09 01:14:13,1.46962,1.4699499999999999
2140,2023-05-09 01:14:13,1.46963,1.46996
2141,2023-05-09 01:14:14,1.46961,1.46994
2142,2023-05-09 01:14:14,1.46963,1.46996
2143,2023-05-09 01:14:16,1.4696500000000001,1.46998
2144,2023-05-09 01:14:16,1.46967,1.47
2145,2023-05-09 01:14:18,1.46966,1.4699900000000001
2146,2023-05-09 01:14:18,1.46964,1.46997
2147,2023-05-09 01:14:20,1.4696500000000001,1.46998
2148,2023-05-09 01:14:20,1.46963,1.46996
2149,2023-05-09 01:14:21,1.4696500000000001,1.46998
2150,2023-05-09 01:14:23,1.46962,1.4699499999999999
2151,2023-05-09 01:14:25,1.46961,1.46994
2152,2023-05-09 01:14:25,1.46964,1.46997
2153,2023-05-09 01:14:32,1.46961,1.46994
2154,2023-05-09 01:14:32,1.4696,1.46993
2155,2023-05-09 01:14:34,1.46961,1.46994
2156,2023-05-09 01:14:39,1.46959,1.4699200000000001
2157,2023-05-09 01:14:41,1.4696,1.46993
2158,2023-05-09 01:14:42,1.46958,1.46991
2159,2023-05-09 01:14:44,1.46959,1.4699200000000001
2160,2023-05-09 01:14:45,1.4696500000000001,1.46998
2161,2023-05-09 01:14:45,1.4696,1.46993
2162,2023-05-09 01:14:45,1.46962,1.4699499999999999
2163,2023-05-09 01:14:48,1.4696799999999999,1.47001
2164,2023-05-09 01:14:51,1.46967,1.47
2165,2023-05-09 01:14:53,1.46966,1.4699900000000001
2166,2023-05-09 01:14:54,1.46967,1.47
2167,2023-05-09 01:14:55,1.46966,1.4699900000000001
2168,2023-05-09 01:15:00,1.46964,1.46997
2169,2023-05-09 01:15:00,1.46966,1.4699900000000001
2170,2023-05-09 01:15:02,1.4696500000000001,1.46998
2171,2023-05-09 01:15:02,1.46964,1.46997
2172,2023-05-09 01:15:03,1.46966,1.4699900000000001
2173,2023-05-09 01:15:03,1.46964,1.46997
2174,2023-05-09 01:15:04,1.4696500000000001,1.46998
2175,2023-05-09 01:15:05,1.46966,1.4699900000000001
2176,2023-05-09 01:15:06,1.46967,1.47
2177,2023-05-09 01:15:13,1.46962,1.4699499999999999
2178,2023-05-09 01:15:14,1.46963,1.46996
2179,2023-05-09 01:15:15,1.46962,1.4699499999999999
2180,2023-05-09 01:15:15,1.46961,1.46994
2181,2023-05-09 01:15:17,1.46962,1.4699499999999999
2182,2023-05-09 01:15:21,1.46964,1.46997
2183,2023-05-09 01:15:22,1.46961,1.46994
2184,2023-05-09 01:15:23,1.46962,1.4699499999999999
2185,2023-05-09 01:15:30,1.46961,1.46994
2186,2023-05-09 01:15:31,1.46959,1.4699200000000001
2187,2023-05-09 01:15:34,1.4696,1.46993
2188,2023-05-09 01:15:36,1.46959,1.4699200000000001
2189,2023-05-09 01:15:37,1.46961,1.46994
2190,2023-05-09 01:15:37,1.46958,1.46991
2191,2023-05-09 01:15:37,1.46957,1.4699
2192,2023-05-09 01:15:40,1.46956,1.46989
2193,2023-05-09 01:15:40,1.46955,1.46988
2194,2023-05-09 01:15:41,1.4695,1.46983
2195,2023-05-09 01:15:41,1.46949,1.46982
2196,2023-05-09 01:15:43,1.46947,1.4698
2197,2023-05-09 01:15:44,1.46948,1.46981
2198,2023-05-09 01:15:45,1.46946,1.46979
2199,2023-05-09 01:15:46,1.46947,1.4698
2200,2023-05-09 01:15:47,1.46948,1.46981
2201,2023-05-09 01:15:47,1.46949,1.46982
2202,2023-05-09 01:15:47,1.4695,1.46983
2203,2023-05-09 01:15:48,1.46949,1.46982
2204,2023-05-09 01:15:49,1.4695,1.46983
2205,2023-05-09 01:15:51,1.46949,1.46982
2206,2023-05-09 01:15:52,1.4695,1.46983
2207,2023-05-09 01:15:53,1.46949,1.46982
2208,2023-05-09 01:15:54,1.4695,1.46983
2209,2023-05-09 01:15:55,1.46948,1.46981
2210,2023-05-09 01:15:56,1.46949,1.46982
2211,2023-05-09 01:15:56,1.46946,1.46979
2212,2023-05-09 01:15:58,1.46947,1.4698
2213,2023-05-09 01:15:59,1.46945,1.46978
2214,2023-05-09 01:16:00,1.46945,1.46978
2215,2023-05-09 01:16:00,1.46948,1.46981
2216,2023-05-09 01:16:01,1.46949,1.46982
2217,2023-05-09 01:16:02,1.46948,1.46981
2218,2023-05-09 01:16:03,1.46949,1.46982
2219,2023-05-09 01:16:04,1.4695,1.46983
2220,2023-05-09 01:16:08,1.46952,1.46985
2221,2023-05-09 01:16:08,1.46947,1.4698
2222,2023-05-09 01:16:09,1.46946,1.46979
2223,2023-05-09 01:16:11,1.46945,1.46978
2224,2023-05-09 01:16:17,1.46947,1.4698
2225,2023-05-09 01:16:18,1.46946,1.46979
2226,2023-05-09 01:16:18,1.46947,1.4698
2227,2023-05-09 01:16:20,1.46944,1.46977
2228,2023-05-09 01:16:21,1.46942,1.46975
2229,2023-05-09 01:16:32,1.4694,1.46973
2230,2023-05-09 01:16:41,1.46943,1.46976
2231,2023-05-09 01:16:41,1.46942,1.46975
2232,2023-05-09 01:16:42,1.46943,1.46976
2233,2023-05-09 01:16:42,1.46942,1.46975
2234,2023-05-09 01:16:43,1.4694,1.46973
2235,2023-05-09 01:16:43,1.4694099999999999,1.46974
2236,2023-05-09 01:16:44,1.4694,1.46973
2237,2023-05-09 01:16:47,1.46942,1.46975
2238,2023-05-09 01:16:47,1.4694,1.46973
2239,2023-05-09 01:16:51,1.46942,1.46975
2240,2023-05-09 01:16:52,1.46943,1.46976
2241,2023-05-09 01:16:57,1.46944,1.46977
2242,2023-05-09 01:16:57,1.4694099999999999,1.46974
2243,2023-05-09 01:16:59,1.46943,1.46976
2244,2023-05-09 01:16:59,1.46944,1.46977
2245,2023-05-09 01:17:00,1.46943,1.46976
2246,2023-05-09 01:17:01,1.46942,1.46975
2247,2023-05-09 01:17:10,1.46943,1.46976
2248,2023-05-09 01:17:14,1.4694099999999999,1.46974
2249,2023-05-09 01:17:17,1.46943,1.46976
2250,2023-05-09 01:17:19,1.4694099999999999,1.46974
2251,2023-05-09 01:17:30,1.4694,1.46973
2252,2023-05-09 01:17:33,1.46939,1.4697200000000001
2253,2023-05-09 01:17:35,1.4694,1.46973
2254,2023-05-09 01:17:36,1.46943,1.46976
2255,2023-05-09 01:17:38,1.4694099999999999,1.46974
2256,2023-05-09 01:17:40,1.46942,1.46975
2257,2023-05-09 01:17:40,1.46943,1.46976
2258,2023-05-09 01:17:43,1.46942,1.46975
2259,2023-05-09 01:17:47,1.4694099999999999,1.46974
2260,2023-05-09 01:17:48,1.46942,1.46975
2261,2023-05-09 01:17:50,1.4694099999999999,1.46974
2262,2023-05-09 01:17:57,1.46943,1.46976
2263,2023-05-09 01:18:00,1.4694099999999999,1.46974
2264,2023-05-09 01:18:01,1.46942,1.46975
2265,2023-05-09 01:18:02,1.46943,1.46976
2266,2023-05-09 01:18:03,1.46942,1.46975
2267,2023-05-09 01:18:05,1.46943,1.46976
2268,2023-05-09 01:18:05,1.4694,1.46973
2269,2023-05-09 01:18:06,1.46939,1.4697200000000001
2270,2023-05-09 01:18:09,1.4694099999999999,1.46974
2271,2023-05-09 01:18:09,1.4693800000000001,1.46971
2272,2023-05-09 01:18:10,1.46933,1.46966
2273,2023-05-09 01:18:12,1.46932,1.4696500000000001
2274,2023-05-09 01:18:19,1.4693100000000001,1.46964
2275,2023-05-09 01:18:26,1.46933,1.46966
2276,2023-05-09 01:18:38,1.4693399999999999,1.46967
2277,2023-05-09 01:18:39,1.46935,1.4696799999999999
2278,2023-05-09 01:18:40,1.4693800000000001,1.46971
2279,2023-05-09 01:18:41,1.46939,1.4697200000000001
2280,2023-05-09 01:18:50,1.4693800000000001,1.46971
2281,2023-05-09 01:18:55,1.46939,1.4697200000000001
2282,2023-05-09 01:18:55,1.4694,1.46973
2283,2023-05-09 01:18:58,1.46942,1.46975
2284,2023-05-09 01:19:00,1.46942,1.46975
2285,2023-05-09 01:19:00,1.4694099999999999,1.46974
2286,2023-05-09 01:19:04,1.46942,1.46975
2287,2023-05-09 01:19:05,1.4694,1.46973
2288,2023-05-09 01:19:08,1.46939,1.4697200000000001
2289,2023-05-09 01:19:09,1.4694,1.46973
2290,2023-05-09 01:19:09,1.46943,1.46976
2291,2023-05-09 01:19:11,1.46942,1.46975
2292,2023-05-09 01:19:11,1.46943,1.46976
2293,2023-05-09 01:19:17,1.46942,1.46975
2294,2023-05-09 01:19:19,1.46943,1.46976
2295,2023-05-09 01:19:19,1.46942,1.46975
2296,2023-05-09 01:19:21,1.46943,1.46976
2297,2023-05-09 01:19:23,1.46942,1.46975
2298,2023-05-09 01:19:23,1.4694099999999999,1.46974
2299,2023-05-09 01:19:26,1.46942,1.46975
2300,2023-05-09 01:19:33,1.46943,1.46976
2301,2023-05-09 01:19:36,1.46942,1.46975
2302,2023-05-09 01:19:37,1.46943,1.46976
2303,2023-05-09 01:19:37,1.46942,1.46975
2304,2023-05-09 01:19:38,1.46943,1.46976
2305,2023-05-09 01:19:40,1.46944,1.46977
2306,2023-05-09 01:19:43,1.46945,1.46978
2307,2023-05-09 01:19:47,1.46944,1.46977
2308,2023-05-09 01:19:48,1.46945,1.46978
2309,2023-05-09 01:19:48,1.4693800000000001,1.46971
2310,2023-05-09 01:19:49,1.4693100000000001,1.46964
2311,2023-05-09 01:19:49,1.46933,1.46966
2312,2023-05-09 01:19:51,1.46932,1.4696500000000001
2313,2023-05-09 01:19:52,1.4693399999999999,1.46967
2314,2023-05-09 01:19:52,1.46933,1.46966
2315,2023-05-09 01:19:57,1.46932,1.4696500000000001
2316,2023-05-09 01:20:00,1.46932,1.4696500000000001
2317,2023-05-09 01:20:00,1.46933,1.46966
2318,2023-05-09 01:20:00,1.46928,1.46961
2319,2023-05-09 01:20:01,1.46929,1.46962
2320,2023-05-09 01:20:03,1.46922,1.46955
2321,2023-05-09 01:20:04,1.4692,1.46953
2322,2023-05-09 01:20:04,1.46922,1.46955
2323,2023-05-09 01:20:06,1.46924,1.46957
2324,2023-05-09 01:20:11,1.46921,1.46954
2325,2023-05-09 01:20:12,1.46923,1.46956
2326,2023-05-09 01:20:13,1.4692,1.46953
2327,2023-05-09 01:20:16,1.46921,1.46954
2328,2023-05-09 01:20:17,1.46925,1.46958
2329,2023-05-09 01:20:19,1.46926,1.46959
2330,2023-05-09 01:20:20,1.4692,1.46953
2331,2023-05-09 01:20:21,1.46919,1.46952
2332,2023-05-09 01:20:21,1.4692,1.46953
2333,2023-05-09 01:20:23,1.46919,1.46952
2334,2023-05-09 01:20:25,1.46918,1.46951
2335,2023-05-09 01:20:26,1.46917,1.4695
2336,2023-05-09 01:20:33,1.46913,1.46946
2337,2023-05-09 01:20:34,1.46912,1.46945
2338,2023-05-09 01:20:34,1.4691100000000001,1.46944
2339,2023-05-09 01:20:35,1.4691,1.46943
2340,2023-05-09 01:20:40,1.4691100000000001,1.46944
2341,2023-05-09 01:20:41,1.46914,1.46947
2342,2023-05-09 01:20:44,1.46917,1.4695
2343,2023-05-09 01:20:56,1.46919,1.46952
2344,2023-05-09 01:21:00,1.46919,1.46952
2345,2023-05-09 01:21:00,1.46922,1.46955
2346,2023-05-09 01:21:05,1.46923,1.46956
2347,2023-05-09 01:21:08,1.46922,1.46955
2348,2023-05-09 01:21:08,1.46921,1.46954
2349,2023-05-09 01:21:10,1.46923,1.46956
2350,2023-05-09 01:21:15,1.46919,1.46952
2351,2023-05-09 01:21:15,1.4692,1.46953
2352,2023-05-09 01:21:15,1.46921,1.46954
2353,2023-05-09 01:21:17,1.46925,1.46958
