,time,bid,ask
0,2023-05-09 00:00:00,0.8718,0.87195
1,2023-05-09 00:00:00,0.87178,0.87193
2,2023-05-09 00:00:01,0.87182,0.87197
3,2023-05-09 00:00:01,0.87179,0.87194
4,2023-05-09 00:00:06,0.8718,0.87195
5,2023-05-09 00:00:07,0.87179,0.87194
6,2023-05-09 00:00:08,0.87181,0.87196
7,2023-05-09 00:00:09,0.8718,0.87195
8,2023-05-09 00:00:11,0.87179,0.87194
9,2023-05-09 00:00:11,0.87181,0.87196
10,2023-05-09 00:00:11,0.87179,0.87194
11,2023-05-09 00:00:15,0.8718,0.87195
12,2023-05-09 00:00:16,0.87179,0.87194
13,2023-05-09 00:00:16,0.8718,0.87195
14,2023-05-09 00:00:17,0.87179,0.87194
15,2023-05-09 00:00:25,0.8718,0.87195
16,2023-05-09 00:00:26,0.87181,0.87196
17,2023-05-09 00:00:26,0.8718,0.87195
18,2023-05-09 00:00:31,0.87181,0.87196
19,2023-05-09 00:00:31,0.8718,0.87195
20,2023-05-09 00:00:32,0.87181,0.87196
21,2023-05-09 00:00:34,0.8718,0.87195
22,2023-05-09 00:00:37,0.87181,0.87196
23,2023-05-09 00:00:38,0.8718,0.87195
24,2023-05-09 00:00:42,0.87179,0.87194
25,2023-05-09 00:00:42,0.87178,0.87193
26,2023-05-09 00:00:43,0.87176,0.87191
27,2023-05-09 00:00:43,0.87177,0.87192
28,2023-05-09 00:00:44,0.87178,0.87193
29,2023-05-09 00:01:00,0.87178,0.87193
30,2023-05-09 00:01:03,0.87177,0.87192
31,2023-05-09 00:01:06,0.87179,0.87194
32,2023-05-09 00:01:08,0.87178,0.87193
33,2023-05-09 00:01:08,0.87179,0.87194
34,2023-05-09 00:01:47,0.87178,0.87193
35,2023-05-09 00:01:48,0.87176,0.87191
36,2023-05-09 00:01:48,0.87177,0.87192
37,2023-05-09 00:01:48,0.87178,0.87193
38,2023-05-09 00:01:49,0.87179,0.87194
39,2023-05-09 00:01:50,0.87178,0.87193
40,2023-05-09 00:01:51,0.87179,0.87194
41,2023-05-09 00:01:53,0.87178,0.87193
42,2023-05-09 00:01:53,0.87179,0.87194
43,2023-05-09 00:01:54,0.87178,0.87193
44,2023-05-09 00:01:54,0.87179,0.87194
45,2023-05-09 00:01:59,0.87177,0.87192
46,2023-05-09 00:02:00,0.87177,0.87192
47,2023-05-09 00:02:11,0.87176,0.87191
48,2023-05-09 00:02:11,0.87177,0.87192
49,2023-05-09 00:02:15,0.87178,0.87193
50,2023-05-09 00:02:15,0.87177,0.87192
51,2023-05-09 00:02:33,0.87176,0.87191
52,2023-05-09 00:02:37,0.87177,0.87192
53,2023-05-09 00:02:39,0.87176,0.87191
54,2023-05-09 00:02:40,0.87177,0.87192
55,2023-05-09 00:02:41,0.87176,0.87191
56,2023-05-09 00:02:43,0.87177,0.87192
57,2023-05-09 00:02:45,0.87176,0.87191
58,2023-05-09 00:02:46,0.87175,0.8719
59,2023-05-09 00:02:46,0.87176,0.87191
60,2023-05-09 00:02:47,0.87174,0.87189
61,2023-05-09 00:02:48,0.87175,0.8719
62,2023-05-09 00:02:48,0.87177,0.87192
63,2023-05-09 00:02:48,0.87175,0.8719
64,2023-05-09 00:02:50,0.87176,0.87191
65,2023-05-09 00:02:51,0.87175,0.8719
66,2023-05-09 00:02:52,0.87176,0.87191
67,2023-05-09 00:02:52,0.87175,0.8719
68,2023-05-09 00:02:52,0.87174,0.87189
69,2023-05-09 00:02:53,0.87175,0.8719
70,2023-05-09 00:02:53,0.87176,0.87191
71,2023-05-09 00:02:53,0.87173,0.87188
72,2023-05-09 00:02:53,0.87174,0.87189
73,2023-05-09 00:02:54,0.87172,0.87187
74,2023-05-09 00:02:54,0.87171,0.87186
75,2023-05-09 00:02:54,0.87173,0.87188
76,2023-05-09 00:02:54,0.87172,0.87187
77,2023-05-09 00:02:55,0.87173,0.87188
78,2023-05-09 00:02:55,0.87172,0.87187
79,2023-05-09 00:02:56,0.87173,0.87188
80,2023-05-09 00:02:58,0.87172,0.87187
81,2023-05-09 00:03:00,0.87172,0.87187
82,2023-05-09 00:03:08,0.87174,0.87189
83,2023-05-09 00:03:12,0.87172,0.87187
84,2023-05-09 00:03:14,0.87174,0.87189
85,2023-05-09 00:03:14,0.87173,0.87188
86,2023-05-09 00:03:16,0.87172,0.87187
87,2023-05-09 00:03:16,0.87173,0.87188
88,2023-05-09 00:03:16,0.87172,0.87187
89,2023-05-09 00:03:17,0.87174,0.87189
90,2023-05-09 00:03:22,0.87175,0.8719
91,2023-05-09 00:03:23,0.87176,0.87191
92,2023-05-09 00:03:23,0.87174,0.87189
93,2023-05-09 00:03:30,0.87173,0.87188
94,2023-05-09 00:03:30,0.87174,0.87189
95,2023-05-09 00:03:30,0.87173,0.87188
96,2023-05-09 00:03:32,0.87172,0.87187
97,2023-05-09 00:03:33,0.87173,0.87188
98,2023-05-09 00:03:35,0.87174,0.87189
99,2023-05-09 00:03:35,0.87172,0.87187
100,2023-05-09 00:03:35,0.87173,0.87188
101,2023-05-09 00:03:38,0.87172,0.87187
102,2023-05-09 00:03:40,0.87173,0.87188
103,2023-05-09 00:03:44,0.87171,0.87186
104,2023-05-09 00:03:46,0.87172,0.87187
105,2023-05-09 00:03:50,0.87171,0.87186
106,2023-05-09 00:03:50,0.87172,0.87187
107,2023-05-09 00:03:53,0.87171,0.87186
108,2023-05-09 00:03:55,0.87172,0.87187
109,2023-05-09 00:03:58,0.87171,0.87186
110,2023-05-09 00:04:00,0.87171,0.87186
111,2023-05-09 00:04:04,0.87172,0.87187
112,2023-05-09 00:04:04,0.87171,0.87186
113,2023-05-09 00:04:04,0.87172,0.87187
114,2023-05-09 00:04:04,0.87171,0.87186
115,2023-05-09 00:04:21,0.87169,0.87184
116,2023-05-09 00:04:25,0.8717,0.87185
117,2023-05-09 00:04:27,0.87169,0.87184
118,2023-05-09 00:04:30,0.87168,0.87183
119,2023-05-09 00:04:31,0.87169,0.87184
120,2023-05-09 00:04:40,0.87168,0.87183
121,2023-05-09 00:04:44,0.87169,0.87184
122,2023-05-09 00:04:51,0.87168,0.87183
123,2023-05-09 00:04:53,0.87167,0.87182
124,2023-05-09 00:05:00,0.87167,0.87182
125,2023-05-09 00:05:18,0.87168,0.87183
126,2023-05-09 00:05:21,0.87167,0.87182
127,2023-05-09 00:05:21,0.87169,0.87184
128,2023-05-09 00:05:23,0.87168,0.87183
129,2023-05-09 00:05:25,0.87169,0.87184
130,2023-05-09 00:05:25,0.87168,0.87183
131,2023-05-09 00:05:26,0.87167,0.87182
132,2023-05-09 00:05:27,0.87168,0.87183
133,2023-05-09 00:05:28,0.87167,0.87182
134,2023-05-09 00:05:33,0.87165,0.8718
135,2023-05-09 00:05:33,0.87166,0.87181
136,2023-05-09 00:05:34,0.87165,0.8718
137,2023-05-09 00:05:34,0.87166,0.87181
138,2023-05-09 00:05:36,0.87165,0.8718
139,2023-05-09 00:05:38,0.87162,0.87177
140,2023-05-09 00:05:43,0.87163,0.87178
141,2023-05-09 00:05:43,0.87164,0.87179
142,2023-05-09 00:05:44,0.87163,0.87178
143,2023-05-09 00:05:45,0.87162,0.87177
144,2023-05-09 00:05:47,0.87161,0.87176
145,2023-05-09 00:05:47,0.87162,0.87177
146,2023-05-09 00:05:47,0.87163,0.87178
147,2023-05-09 00:05:48,0.87162,0.87177
148,2023-05-09 00:05:50,0.87163,0.87178
149,2023-05-09 00:05:51,0.87161,0.87176
150,2023-05-09 00:05:51,0.8716,0.87175
151,2023-05-09 00:06:00,0.8716,0.87175
152,2023-05-09 00:06:10,0.87161,0.87176
153,2023-05-09 00:06:12,0.87162,0.87177
154,2023-05-09 00:06:21,0.8716,0.87175
155,2023-05-09 00:06:22,0.87162,0.87177
156,2023-05-09 00:06:28,0.87161,0.87176
157,2023-05-09 00:06:29,0.87162,0.87177
158,2023-05-09 00:06:29,0.87161,0.87176
159,2023-05-09 00:06:51,0.8716,0.87175
160,2023-05-09 00:06:51,0.87159,0.87174
161,2023-05-09 00:06:52,0.87158,0.87173
162,2023-05-09 00:06:56,0.87159,0.87174
163,2023-05-09 00:06:57,0.87158,0.87173
164,2023-05-09 00:06:57,0.87157,0.87172
165,2023-05-09 00:07:02,0.87156,0.87171
166,2023-05-09 00:07:04,0.87157,0.87172
167,2023-05-09 00:07:06,0.87156,0.87171
168,2023-05-09 00:07:08,0.87157,0.87172
169,2023-05-09 00:07:15,0.87156,0.87171
170,2023-05-09 00:07:16,0.87157,0.87172
171,2023-05-09 00:07:16,0.87156,0.87171
172,2023-05-09 00:07:18,0.87157,0.87172
173,2023-05-09 00:07:23,0.87158,0.87173
174,2023-05-09 00:07:24,0.87157,0.87172
175,2023-05-09 00:07:32,0.87156,0.87171
176,2023-05-09 00:07:32,0.87157,0.87172
177,2023-05-09 00:07:32,0.87156,0.87171
178,2023-05-09 00:07:33,0.87157,0.87172
179,2023-05-09 00:07:37,0.87156,0.87171
180,2023-05-09 00:07:40,0.87157,0.87172
181,2023-05-09 00:07:41,0.87156,0.87171
182,2023-05-09 00:07:42,0.87155,0.8717
183,2023-05-09 00:07:42,0.87154,0.87169
184,2023-05-09 00:07:47,0.87156,0.87171
185,2023-05-09 00:07:55,0.87157,0.87172
186,2023-05-09 00:08:00,0.87157,0.87172
187,2023-05-09 00:08:01,0.87158,0.87173
188,2023-05-09 00:08:03,0.87157,0.87172
189,2023-05-09 00:08:03,0.87156,0.87171
190,2023-05-09 00:08:04,0.87157,0.87172
191,2023-05-09 00:08:06,0.87156,0.87171
192,2023-05-09 00:08:11,0.87157,0.87172
193,2023-05-09 00:08:13,0.87158,0.87173
194,2023-05-09 00:08:13,0.87157,0.87172
195,2023-05-09 00:08:15,0.87158,0.87173
196,2023-05-09 00:08:18,0.87157,0.87172
197,2023-05-09 00:08:22,0.87159,0.87174
198,2023-05-09 00:08:22,0.87158,0.87173
199,2023-05-09 00:08:32,0.87159,0.87174
200,2023-05-09 00:08:33,0.87161,0.87176
201,2023-05-09 00:08:34,0.87162,0.87177
202,2023-05-09 00:08:34,0.87164,0.87179
203,2023-05-09 00:08:43,0.87163,0.87178
204,2023-05-09 00:08:43,0.87164,0.87179
205,2023-05-09 00:08:44,0.87163,0.87178
206,2023-05-09 00:08:47,0.87164,0.87179
207,2023-05-09 00:08:54,0.87162,0.87177
208,2023-05-09 00:09:00,0.87164,0.87179
209,2023-05-09 00:09:02,0.87162,0.87177
210,2023-05-09 00:09:02,0.87161,0.87176
211,2023-05-09 00:09:04,0.8716,0.87175
212,2023-05-09 00:09:04,0.87159,0.87174
213,2023-05-09 00:09:04,0.8716,0.87175
214,2023-05-09 00:09:05,0.87159,0.87174
215,2023-05-09 00:09:05,0.87158,0.87173
216,2023-05-09 00:09:07,0.87159,0.87174
217,2023-05-09 00:09:09,0.87161,0.87176
218,2023-05-09 00:09:09,0.8716,0.87175
219,2023-05-09 00:09:10,0.87161,0.87176
220,2023-05-09 00:09:10,0.87162,0.87177
221,2023-05-09 00:09:10,0.87163,0.87178
222,2023-05-09 00:09:10,0.87165,0.8718
223,2023-05-09 00:09:11,0.87166,0.87181
224,2023-05-09 00:09:12,0.87165,0.8718
225,2023-05-09 00:09:13,0.87164,0.87179
226,2023-05-09 00:09:14,0.87163,0.87178
227,2023-05-09 00:09:21,0.87161,0.87176
228,2023-05-09 00:09:21,0.87159,0.87174
229,2023-05-09 00:09:22,0.8716,0.87175
230,2023-05-09 00:09:24,0.87159,0.87174
231,2023-05-09 00:09:25,0.8716,0.87175
232,2023-05-09 00:09:26,0.87161,0.87176
233,2023-05-09 00:09:33,0.8716,0.87175
234,2023-05-09 00:09:33,0.87158,0.87173
235,2023-05-09 00:09:34,0.87157,0.87172
236,2023-05-09 00:09:42,0.87156,0.87171
237,2023-05-09 00:09:44,0.87157,0.87172
238,2023-05-09 00:09:45,0.87156,0.87171
239,2023-05-09 00:09:46,0.87157,0.87172
240,2023-05-09 00:09:57,0.87156,0.87171
241,2023-05-09 00:09:58,0.87155,0.8717
242,2023-05-09 00:09:58,0.87156,0.87171
243,2023-05-09 00:09:58,0.87157,0.87172
244,2023-05-09 00:09:59,0.87158,0.87173
245,2023-05-09 00:10:00,0.87158,0.87173
246,2023-05-09 00:10:00,0.87157,0.87172
247,2023-05-09 00:10:00,0.87156,0.87171
248,2023-05-09 00:10:12,0.87157,0.87172
249,2023-05-09 00:10:15,0.87156,0.87171
250,2023-05-09 00:10:22,0.87155,0.8717
251,2023-05-09 00:10:22,0.87156,0.87171
252,2023-05-09 00:10:25,0.87155,0.8717
253,2023-05-09 00:10:26,0.87157,0.87172
254,2023-05-09 00:10:32,0.87156,0.87171
255,2023-05-09 00:10:32,0.87155,0.8717
256,2023-05-09 00:10:32,0.87154,0.87169
257,2023-05-09 00:10:33,0.87155,0.8717
258,2023-05-09 00:10:35,0.87156,0.87171
259,2023-05-09 00:10:46,0.87157,0.87172
260,2023-05-09 00:10:48,0.87158,0.87173
261,2023-05-09 00:10:48,0.87156,0.87171
262,2023-05-09 00:10:50,0.87155,0.8717
263,2023-05-09 00:10:53,0.87156,0.87171
264,2023-05-09 00:10:55,0.87158,0.87173
265,2023-05-09 00:10:58,0.87157,0.87172
266,2023-05-09 00:11:00,0.87157,0.87172
267,2023-05-09 00:11:03,0.87159,0.87174
268,2023-05-09 00:11:03,0.87156,0.87171
269,2023-05-09 00:11:04,0.87157,0.87172
270,2023-05-09 00:11:05,0.87158,0.87173
271,2023-05-09 00:11:16,0.87159,0.87174
272,2023-05-09 00:11:16,0.87158,0.87173
273,2023-05-09 00:11:16,0.87157,0.87172
274,2023-05-09 00:11:21,0.87156,0.87171
275,2023-05-09 00:11:22,0.87158,0.87173
276,2023-05-09 00:11:22,0.87157,0.87172
277,2023-05-09 00:11:26,0.87156,0.87171
278,2023-05-09 00:11:31,0.87157,0.87172
279,2023-05-09 00:11:33,0.87156,0.87171
280,2023-05-09 00:11:37,0.87155,0.8717
281,2023-05-09 00:11:39,0.87157,0.87172
282,2023-05-09 00:11:40,0.87156,0.87171
283,2023-05-09 00:11:40,0.87155,0.8717
284,2023-05-09 00:11:44,0.87156,0.87171
285,2023-05-09 00:11:44,0.87155,0.8717
286,2023-05-09 00:11:46,0.87156,0.87171
287,2023-05-09 00:11:47,0.87155,0.8717
288,2023-05-09 00:11:52,0.87154,0.87169
289,2023-05-09 00:11:52,0.87155,0.8717
290,2023-05-09 00:11:58,0.87156,0.87171
291,2023-05-09 00:11:59,0.87157,0.87172
292,2023-05-09 00:11:59,0.87156,0.87171
293,2023-05-09 00:11:59,0.87155,0.8717
294,2023-05-09 00:12:00,0.87155,0.8717
295,2023-05-09 00:12:00,0.87156,0.87171
296,2023-05-09 00:12:04,0.87155,0.8717
297,2023-05-09 00:12:06,0.87156,0.87171
298,2023-05-09 00:12:17,0.87155,0.8717
299,2023-05-09 00:12:18,0.87156,0.87171
300,2023-05-09 00:12:20,0.87158,0.87173
301,2023-05-09 00:12:20,0.87157,0.87172
302,2023-05-09 00:12:20,0.87156,0.87171
303,2023-05-09 00:12:25,0.87157,0.87172
304,2023-05-09 00:12:26,0.87156,0.87171
305,2023-05-09 00:12:32,0.87157,0.87172
306,2023-05-09 00:12:34,0.87156,0.87171
307,2023-05-09 00:12:34,0.87157,0.87172
308,2023-05-09 00:12:36,0.87156,0.87171
309,2023-05-09 00:12:40,0.87158,0.87173
310,2023-05-09 00:12:40,0.87159,0.87174
311,2023-05-09 00:12:41,0.87158,0.87173
312,2023-05-09 00:12:52,0.87157,0.87172
313,2023-05-09 00:12:53,0.87158,0.87173
314,2023-05-09 00:12:58,0.87159,0.87174
315,2023-05-09 00:12:59,0.87158,0.87173
316,2023-05-09 00:13:00,0.87158,0.87173
317,2023-05-09 00:13:03,0.87157,0.87172
318,2023-05-09 00:13:03,0.87158,0.87173
319,2023-05-09 00:13:06,0.87159,0.87174
320,2023-05-09 00:13:08,0.87158,0.87173
321,2023-05-09 00:13:09,0.87157,0.87172
322,2023-05-09 00:13:10,0.87156,0.87171
323,2023-05-09 00:13:11,0.87155,0.8717
324,2023-05-09 00:13:11,0.87156,0.87171
325,2023-05-09 00:13:12,0.87155,0.8717
326,2023-05-09 00:13:18,0.87154,0.87169
327,2023-05-09 00:13:18,0.87156,0.87171
328,2023-05-09 00:13:18,0.87155,0.8717
329,2023-05-09 00:13:20,0.87156,0.87171
330,2023-05-09 00:13:23,0.87157,0.87172
331,2023-05-09 00:13:24,0.87155,0.8717
332,2023-05-09 00:13:24,0.87156,0.87171
333,2023-05-09 00:13:26,0.87155,0.8717
334,2023-05-09 00:13:31,0.87156,0.87171
335,2023-05-09 00:13:33,0.87154,0.87169
336,2023-05-09 00:13:44,0.87153,0.87168
337,2023-05-09 00:13:44,0.87154,0.87169
338,2023-05-09 00:13:45,0.87156,0.87171
339,2023-05-09 00:13:45,0.87154,0.87169
340,2023-05-09 00:13:47,0.87156,0.87171
341,2023-05-09 00:13:47,0.87154,0.87169
342,2023-05-09 00:13:48,0.87155,0.8717
343,2023-05-09 00:13:48,0.87153,0.87168
344,2023-05-09 00:13:48,0.87156,0.87171
345,2023-05-09 00:13:48,0.87155,0.8717
346,2023-05-09 00:13:49,0.87154,0.87169
347,2023-05-09 00:13:49,0.87155,0.8717
348,2023-05-09 00:13:53,0.87156,0.87171
349,2023-05-09 00:13:53,0.87155,0.8717
350,2023-05-09 00:13:54,0.87156,0.87171
351,2023-05-09 00:14:00,0.87156,0.87171
352,2023-05-09 00:14:01,0.87155,0.8717
353,2023-05-09 00:14:02,0.87156,0.87171
354,2023-05-09 00:14:05,0.87155,0.8717
355,2023-05-09 00:14:06,0.87156,0.87171
356,2023-05-09 00:14:06,0.87157,0.87172
357,2023-05-09 00:14:06,0.87156,0.87171
358,2023-05-09 00:14:06,0.87157,0.87172
359,2023-05-09 00:14:08,0.87155,0.8717
360,2023-05-09 00:14:08,0.87156,0.87171
361,2023-05-09 00:14:08,0.87157,0.87172
362,2023-05-09 00:14:09,0.87156,0.87171
363,2023-05-09 00:14:09,0.87157,0.87172
364,2023-05-09 00:14:10,0.87158,0.87173
365,2023-05-09 00:14:10,0.87159,0.87174
366,2023-05-09 00:14:10,0.8716,0.87175
367,2023-05-09 00:14:10,0.87161,0.87176
368,2023-05-09 00:14:10,0.8716,0.87175
369,2023-05-09 00:14:11,0.87161,0.87176
370,2023-05-09 00:14:13,0.87159,0.87174
371,2023-05-09 00:14:13,0.87158,0.87173
372,2023-05-09 00:14:17,0.87157,0.87172
373,2023-05-09 00:14:19,0.87156,0.87171
374,2023-05-09 00:14:19,0.87155,0.8717
375,2023-05-09 00:14:23,0.87156,0.87171
376,2023-05-09 00:14:24,0.87155,0.8717
377,2023-05-09 00:14:25,0.87156,0.87171
378,2023-05-09 00:14:27,0.87155,0.8717
379,2023-05-09 00:14:29,0.87158,0.87173
380,2023-05-09 00:14:29,0.87156,0.87171
381,2023-05-09 00:14:29,0.87154,0.87169
382,2023-05-09 00:14:32,0.87155,0.8717
383,2023-05-09 00:14:32,0.87154,0.87169
384,2023-05-09 00:14:34,0.87155,0.8717
385,2023-05-09 00:14:35,0.87156,0.87171
386,2023-05-09 00:14:35,0.87155,0.8717
387,2023-05-09 00:14:37,0.87156,0.87171
388,2023-05-09 00:14:39,0.87155,0.8717
389,2023-05-09 00:14:45,0.87153,0.87168
390,2023-05-09 00:14:45,0.87154,0.87169
391,2023-05-09 00:14:45,0.87153,0.87168
392,2023-05-09 00:14:45,0.87154,0.87169
393,2023-05-09 00:14:47,0.87153,0.87168
394,2023-05-09 00:14:47,0.87154,0.87169
395,2023-05-09 00:14:48,0.87155,0.8717
396,2023-05-09 00:14:48,0.87154,0.87169
397,2023-05-09 00:14:49,0.87153,0.87168
398,2023-05-09 00:14:50,0.87154,0.87169
399,2023-05-09 00:14:54,0.87153,0.87168
400,2023-05-09 00:14:54,0.87154,0.87169
401,2023-05-09 00:14:54,0.87155,0.8717
402,2023-05-09 00:14:54,0.87153,0.87168
403,2023-05-09 00:14:55,0.87154,0.87169
404,2023-05-09 00:14:55,0.87156,0.87171
405,2023-05-09 00:14:55,0.87155,0.8717
406,2023-05-09 00:14:57,0.87156,0.87171
407,2023-05-09 00:14:57,0.87155,0.8717
408,2023-05-09 00:14:57,0.87154,0.87169
409,2023-05-09 00:15:00,0.87154,0.87169
410,2023-05-09 00:15:00,0.87152,0.87167
411,2023-05-09 00:15:00,0.87153,0.87168
412,2023-05-09 00:15:01,0.87151,0.87166
413,2023-05-09 00:15:01,0.87152,0.87167
414,2023-05-09 00:15:01,0.87153,0.87168
415,2023-05-09 00:15:02,0.87152,0.87167
416,2023-05-09 00:15:02,0.87153,0.87168
417,2023-05-09 00:15:02,0.87152,0.87167
418,2023-05-09 00:15:03,0.87151,0.87166
419,2023-05-09 00:15:04,0.87152,0.87167
420,2023-05-09 00:15:04,0.87151,0.87166
421,2023-05-09 00:15:07,0.87153,0.87168
422,2023-05-09 00:15:08,0.87151,0.87166
423,2023-05-09 00:15:09,0.87152,0.87167
424,2023-05-09 00:15:12,0.87153,0.87168
425,2023-05-09 00:15:17,0.87154,0.87169
426,2023-05-09 00:15:18,0.87153,0.87168
427,2023-05-09 00:15:18,0.87154,0.87169
428,2023-05-09 00:15:18,0.87153,0.87168
429,2023-05-09 00:15:20,0.87152,0.87167
430,2023-05-09 00:15:21,0.87153,0.87168
431,2023-05-09 00:15:25,0.87152,0.87167
432,2023-05-09 00:15:28,0.87153,0.87168
433,2023-05-09 00:15:29,0.87152,0.87167
434,2023-05-09 00:15:29,0.87151,0.87166
435,2023-05-09 00:15:30,0.87152,0.87167
436,2023-05-09 00:15:32,0.87151,0.87166
437,2023-05-09 00:15:34,0.87152,0.87167
438,2023-05-09 00:15:34,0.87153,0.87168
439,2023-05-09 00:15:39,0.87152,0.87167
440,2023-05-09 00:15:43,0.87151,0.87166
441,2023-05-09 00:15:44,0.87152,0.87167
442,2023-05-09 00:15:46,0.87151,0.87166
443,2023-05-09 00:15:49,0.8715,0.87165
444,2023-05-09 00:15:50,0.87151,0.87166
445,2023-05-09 00:15:51,0.8715,0.87165
446,2023-05-09 00:15:55,0.87151,0.87166
447,2023-05-09 00:15:55,0.87152,0.87167
448,2023-05-09 00:15:55,0.8715,0.87165
449,2023-05-09 00:15:56,0.87151,0.87166
450,2023-05-09 00:15:56,0.8715,0.87165
451,2023-05-09 00:15:56,0.87151,0.87166
452,2023-05-09 00:15:56,0.8715,0.87165
453,2023-05-09 00:15:56,0.87151,0.87166
454,2023-05-09 00:15:57,0.8715,0.87165
455,2023-05-09 00:15:57,0.87151,0.87166
456,2023-05-09 00:15:57,0.87152,0.87167
457,2023-05-09 00:15:59,0.87151,0.87166
458,2023-05-09 00:16:00,0.87151,0.87166
459,2023-05-09 00:16:01,0.87152,0.87167
460,2023-05-09 00:16:02,0.87151,0.87166
461,2023-05-09 00:16:02,0.8715,0.87165
462,2023-05-09 00:16:03,0.87149,0.87164
463,2023-05-09 00:16:03,0.8715,0.87165
464,2023-05-09 00:16:04,0.87149,0.87164
465,2023-05-09 00:16:04,0.8715,0.87165
466,2023-05-09 00:16:05,0.87149,0.87164
467,2023-05-09 00:16:05,0.8715,0.87165
468,2023-05-09 00:16:07,0.87149,0.87164
469,2023-05-09 00:16:12,0.8715,0.87165
470,2023-05-09 00:16:14,0.87149,0.87164
471,2023-05-09 00:16:16,0.87148,0.87163
472,2023-05-09 00:16:21,0.87149,0.87164
473,2023-05-09 00:16:21,0.87148,0.87163
474,2023-05-09 00:16:28,0.87147,0.87162
475,2023-05-09 00:16:28,0.87148,0.87163
476,2023-05-09 00:16:41,0.87147,0.87162
477,2023-05-09 00:16:43,0.87146,0.87161
478,2023-05-09 00:16:46,0.87145,0.8716
479,2023-05-09 00:16:47,0.87146,0.87161
480,2023-05-09 00:16:52,0.87145,0.8716
481,2023-05-09 00:16:52,0.87146,0.87161
482,2023-05-09 00:16:53,0.87145,0.8716
483,2023-05-09 00:16:56,0.87146,0.87161
484,2023-05-09 00:16:57,0.87147,0.87162
485,2023-05-09 00:16:58,0.87145,0.8716
486,2023-05-09 00:17:00,0.87145,0.8716
487,2023-05-09 00:17:02,0.87146,0.87161
488,2023-05-09 00:17:03,0.87145,0.8716
489,2023-05-09 00:17:04,0.87146,0.87161
490,2023-05-09 00:17:04,0.87145,0.8716
491,2023-05-09 00:17:09,0.87146,0.87161
492,2023-05-09 00:17:12,0.87144,0.87159
493,2023-05-09 00:17:12,0.87145,0.8716
494,2023-05-09 00:17:26,0.87144,0.87159
495,2023-05-09 00:17:26,0.87143,0.87158
496,2023-05-09 00:17:27,0.87144,0.87159
497,2023-05-09 00:17:28,0.87143,0.87158
498,2023-05-09 00:17:29,0.87144,0.87159
499,2023-05-09 00:17:31,0.87143,0.87158
500,2023-05-09 00:17:31,0.87142,0.87157
501,2023-05-09 00:17:37,0.87141,0.87156
502,2023-05-09 00:17:43,0.8714,0.87155
503,2023-05-09 00:17:43,0.87141,0.87156
504,2023-05-09 00:17:44,0.87142,0.87157
505,2023-05-09 00:17:46,0.87143,0.87158
506,2023-05-09 00:17:46,0.87142,0.87157
507,2023-05-09 00:17:47,0.87143,0.87158
508,2023-05-09 00:17:53,0.87142,0.87157
509,2023-05-09 00:17:53,0.87141,0.87156
510,2023-05-09 00:17:53,0.87142,0.87157
511,2023-05-09 00:17:53,0.87141,0.87156
512,2023-05-09 00:17:56,0.8714,0.87155
513,2023-05-09 00:17:56,0.87142,0.87157
514,2023-05-09 00:17:56,0.87141,0.87156
515,2023-05-09 00:17:58,0.87143,0.87158
516,2023-05-09 00:18:00,0.87142,0.87157
517,2023-05-09 00:18:02,0.87143,0.87158
518,2023-05-09 00:18:03,0.87144,0.87159
519,2023-05-09 00:18:04,0.87143,0.87158
520,2023-05-09 00:18:04,0.87144,0.87159
521,2023-05-09 00:18:05,0.87143,0.87158
522,2023-05-09 00:18:07,0.87144,0.87159
523,2023-05-09 00:18:08,0.8714,0.87155
524,2023-05-09 00:18:08,0.87141,0.87156
525,2023-05-09 00:18:10,0.87143,0.87158
526,2023-05-09 00:18:15,0.87142,0.87157
527,2023-05-09 00:18:18,0.87141,0.87156
528,2023-05-09 00:18:25,0.87142,0.87157
529,2023-05-09 00:18:28,0.87144,0.87159
530,2023-05-09 00:18:28,0.87141,0.87156
531,2023-05-09 00:18:28,0.87142,0.87157
532,2023-05-09 00:18:34,0.87143,0.87158
533,2023-05-09 00:18:36,0.87144,0.87159
534,2023-05-09 00:18:38,0.87142,0.87157
535,2023-05-09 00:18:57,0.87141,0.87156
536,2023-05-09 00:18:59,0.87142,0.87157
537,2023-05-09 00:18:59,0.87141,0.87156
538,2023-05-09 00:19:01,0.87141,0.87156
539,2023-05-09 00:19:01,0.87142,0.87157
540,2023-05-09 00:19:05,0.87141,0.87156
541,2023-05-09 00:19:18,0.87142,0.87157
542,2023-05-09 00:19:18,0.87141,0.87156
543,2023-05-09 00:19:23,0.8714,0.87155
544,2023-05-09 00:19:23,0.87141,0.87156
545,2023-05-09 00:19:26,0.8714,0.87155
546,2023-05-09 00:19:27,0.87141,0.87156
547,2023-05-09 00:19:28,0.8714,0.87155
548,2023-05-09 00:19:28,0.87141,0.87156
549,2023-05-09 00:19:29,0.8714,0.87155
550,2023-05-09 00:19:29,0.87141,0.87156
551,2023-05-09 00:19:29,0.8714,0.87155
552,2023-05-09 00:19:30,0.87141,0.87156
553,2023-05-09 00:19:30,0.8714,0.87155
554,2023-05-09 00:19:34,0.87139,0.87154
555,2023-05-09 00:19:34,0.8714,0.87155
556,2023-05-09 00:19:34,0.87141,0.87156
557,2023-05-09 00:19:44,0.8714,0.87155
558,2023-05-09 00:19:49,0.87142,0.87157
559,2023-05-09 00:19:49,0.87143,0.87158
560,2023-05-09 00:19:58,0.87141,0.87156
561,2023-05-09 00:20:00,0.87141,0.87156
562,2023-05-09 00:20:04,0.87144,0.87159
563,2023-05-09 00:20:04,0.87146,0.87161
564,2023-05-09 00:20:08,0.87148,0.87163
565,2023-05-09 00:20:08,0.87146,0.87161
566,2023-05-09 00:20:15,0.87147,0.87162
567,2023-05-09 00:20:15,0.87148,0.87163
568,2023-05-09 00:20:15,0.87146,0.87161
569,2023-05-09 00:20:19,0.87147,0.87162
570,2023-05-09 00:20:19,0.87146,0.87161
571,2023-05-09 00:20:19,0.87147,0.87162
572,2023-05-09 00:20:21,0.87145,0.8716
573,2023-05-09 00:20:22,0.87146,0.87161
574,2023-05-09 00:20:22,0.87147,0.87162
575,2023-05-09 00:20:25,0.87146,0.87161
576,2023-05-09 00:20:25,0.87145,0.8716
577,2023-05-09 00:20:25,0.87146,0.87161
578,2023-05-09 00:20:28,0.87147,0.87162
579,2023-05-09 00:20:29,0.87145,0.8716
580,2023-05-09 00:20:29,0.87147,0.87162
581,2023-05-09 00:20:33,0.87145,0.8716
582,2023-05-09 00:20:43,0.87147,0.87162
583,2023-05-09 00:20:45,0.87146,0.87161
584,2023-05-09 00:20:48,0.87145,0.8716
585,2023-05-09 00:20:50,0.87144,0.87159
586,2023-05-09 00:20:53,0.87145,0.8716
587,2023-05-09 00:20:54,0.87147,0.87162
588,2023-05-09 00:20:54,0.87146,0.87161
589,2023-05-09 00:20:55,0.87147,0.87162
590,2023-05-09 00:20:56,0.87146,0.87161
591,2023-05-09 00:20:57,0.87147,0.87162
592,2023-05-09 00:21:00,0.87147,0.87162
593,2023-05-09 00:21:07,0.87149,0.87164
594,2023-05-09 00:21:15,0.8715,0.87165
595,2023-05-09 00:21:15,0.87148,0.87163
596,2023-05-09 00:21:15,0.87149,0.87164
597,2023-05-09 00:21:16,0.87147,0.87162
598,2023-05-09 00:21:16,0.87146,0.87161
599,2023-05-09 00:21:22,0.87148,0.87163
600,2023-05-09 00:21:26,0.87147,0.87162
601,2023-05-09 00:21:29,0.87148,0.87163
602,2023-05-09 00:21:36,0.87147,0.87162
603,2023-05-09 00:21:36,0.87148,0.87163
604,2023-05-09 00:21:36,0.87146,0.87161
605,2023-05-09 00:21:40,0.87145,0.8716
606,2023-05-09 00:21:42,0.87146,0.87161
607,2023-05-09 00:21:46,0.87147,0.87162
608,2023-05-09 00:21:46,0.87146,0.87161
609,2023-05-09 00:21:46,0.87145,0.8716
610,2023-05-09 00:21:46,0.87146,0.87161
611,2023-05-09 00:21:56,0.87145,0.8716
612,2023-05-09 00:21:58,0.87146,0.87161
613,2023-05-09 00:21:59,0.87145,0.8716
614,2023-05-09 00:22:00,0.87145,0.8716
615,2023-05-09 00:22:02,0.87146,0.87161
616,2023-05-09 00:22:02,0.87147,0.87162
617,2023-05-09 00:22:02,0.87146,0.87161
618,2023-05-09 00:22:02,0.87145,0.8716
619,2023-05-09 00:22:03,0.87144,0.87159
620,2023-05-09 00:22:06,0.87143,0.87158
621,2023-05-09 00:22:06,0.87144,0.87159
622,2023-05-09 00:22:10,0.87145,0.8716
623,2023-05-09 00:22:10,0.87144,0.87159
624,2023-05-09 00:22:20,0.87143,0.87158
625,2023-05-09 00:22:21,0.87142,0.87157
626,2023-05-09 00:22:25,0.87141,0.87156
627,2023-05-09 00:22:26,0.87142,0.87157
628,2023-05-09 00:22:26,0.87141,0.87156
629,2023-05-09 00:22:26,0.87143,0.87158
630,2023-05-09 00:22:31,0.87145,0.8716
631,2023-05-09 00:22:36,0.87144,0.87159
632,2023-05-09 00:22:37,0.87145,0.8716
633,2023-05-09 00:22:37,0.87143,0.87158
634,2023-05-09 00:22:41,0.87144,0.87159
635,2023-05-09 00:22:46,0.8714,0.87155
636,2023-05-09 00:22:47,0.87138,0.87153
637,2023-05-09 00:22:47,0.87141,0.87156
638,2023-05-09 00:22:49,0.87142,0.87157
639,2023-05-09 00:22:56,0.87143,0.87158
640,2023-05-09 00:22:56,0.87142,0.87157
641,2023-05-09 00:22:57,0.8714,0.87155
642,2023-05-09 00:23:00,0.8714,0.87155
643,2023-05-09 00:23:00,0.87141,0.87156
644,2023-05-09 00:23:07,0.87139,0.87154
645,2023-05-09 00:23:08,0.87138,0.87153
646,2023-05-09 00:23:11,0.87139,0.87154
647,2023-05-09 00:23:13,0.8714,0.87155
648,2023-05-09 00:23:13,0.87141,0.87156
649,2023-05-09 00:23:13,0.8714,0.87155
650,2023-05-09 00:23:14,0.87138,0.87153
651,2023-05-09 00:23:15,0.87139,0.87154
652,2023-05-09 00:23:26,0.87138,0.87153
653,2023-05-09 00:23:29,0.87139,0.87154
654,2023-05-09 00:23:29,0.87137,0.87152
655,2023-05-09 00:23:29,0.87139,0.87154
656,2023-05-09 00:23:30,0.87137,0.87152
657,2023-05-09 00:23:30,0.87138,0.87153
658,2023-05-09 00:23:36,0.87137,0.87152
659,2023-05-09 00:23:37,0.87139,0.87154
660,2023-05-09 00:23:37,0.8714,0.87155
661,2023-05-09 00:23:47,0.87141,0.87156
662,2023-05-09 00:23:47,0.8714,0.87155
663,2023-05-09 00:23:50,0.87139,0.87154
664,2023-05-09 00:23:52,0.8714,0.87155
665,2023-05-09 00:23:55,0.87138,0.87153
666,2023-05-09 00:23:55,0.87137,0.87152
667,2023-05-09 00:23:57,0.87138,0.87153
668,2023-05-09 00:24:00,0.87138,0.87153
669,2023-05-09 00:24:06,0.87139,0.87154
670,2023-05-09 00:24:07,0.87138,0.87153
671,2023-05-09 00:24:12,0.87139,0.87154
672,2023-05-09 00:24:17,0.87138,0.87153
673,2023-05-09 00:24:21,0.87139,0.87154
674,2023-05-09 00:24:22,0.87135,0.8715
675,2023-05-09 00:24:23,0.87132,0.87147
676,2023-05-09 00:24:23,0.87134,0.87149
677,2023-05-09 00:24:23,0.87133,0.87148
678,2023-05-09 00:24:24,0.87134,0.87149
679,2023-05-09 00:24:26,0.87133,0.87148
680,2023-05-09 00:24:28,0.87134,0.87149
681,2023-05-09 00:24:29,0.87135,0.8715
682,2023-05-09 00:24:31,0.87133,0.87148
683,2023-05-09 00:24:31,0.87134,0.87149
684,2023-05-09 00:24:31,0.87133,0.87148
685,2023-05-09 00:24:31,0.87132,0.87147
686,2023-05-09 00:24:31,0.87134,0.87149
687,2023-05-09 00:24:32,0.87133,0.87148
688,2023-05-09 00:24:34,0.87135,0.8715
689,2023-05-09 00:24:40,0.87134,0.87149
690,2023-05-09 00:24:41,0.87135,0.8715
691,2023-05-09 00:24:45,0.87132,0.87147
692,2023-05-09 00:24:45,0.87133,0.87148
693,2023-05-09 00:24:45,0.87134,0.87149
694,2023-05-09 00:24:46,0.87132,0.87147
695,2023-05-09 00:24:48,0.87133,0.87148
696,2023-05-09 00:24:48,0.87132,0.87147
697,2023-05-09 00:24:50,0.87133,0.87148
698,2023-05-09 00:24:52,0.87134,0.87149
699,2023-05-09 00:24:52,0.87129,0.87144
700,2023-05-09 00:25:00,0.87129,0.87144
701,2023-05-09 00:25:08,0.87128,0.87143
702,2023-05-09 00:25:09,0.87127,0.87142
703,2023-05-09 00:25:10,0.87128,0.87143
704,2023-05-09 00:25:11,0.87127,0.87142
705,2023-05-09 00:25:13,0.87128,0.87143
706,2023-05-09 00:25:14,0.87127,0.87142
707,2023-05-09 00:25:19,0.87128,0.87143
708,2023-05-09 00:25:28,0.87127,0.87142
709,2023-05-09 00:25:33,0.87128,0.87143
710,2023-05-09 00:25:44,0.87127,0.87142
711,2023-05-09 00:25:44,0.87128,0.87143
712,2023-05-09 00:25:48,0.8713,0.87145
713,2023-05-09 00:25:48,0.87128,0.87143
714,2023-05-09 00:25:48,0.87129,0.87144
715,2023-05-09 00:25:51,0.87128,0.87143
716,2023-05-09 00:25:53,0.87131,0.87146
717,2023-05-09 00:25:53,0.87132,0.87147
718,2023-05-09 00:25:53,0.87129,0.87144
719,2023-05-09 00:26:00,0.87129,0.87144
720,2023-05-09 00:26:00,0.8713,0.87145
721,2023-05-09 00:26:09,0.87131,0.87146
722,2023-05-09 00:26:10,0.87127,0.87142
723,2023-05-09 00:26:13,0.87126,0.87141
724,2023-05-09 00:26:14,0.87124,0.87139
725,2023-05-09 00:26:14,0.87126,0.87141
726,2023-05-09 00:26:15,0.87127,0.87142
727,2023-05-09 00:26:20,0.87128,0.87143
728,2023-05-09 00:26:20,0.87126,0.87141
729,2023-05-09 00:26:23,0.87125,0.8714
730,2023-05-09 00:26:25,0.87126,0.87141
731,2023-05-09 00:26:25,0.87127,0.87142
732,2023-05-09 00:26:25,0.87128,0.87143
733,2023-05-09 00:26:26,0.8713,0.87145
734,2023-05-09 00:26:26,0.87128,0.87143
735,2023-05-09 00:26:37,0.8713,0.87145
736,2023-05-09 00:26:38,0.87131,0.87146
737,2023-05-09 00:26:38,0.87128,0.87143
738,2023-05-09 00:26:40,0.87127,0.87142
739,2023-05-09 00:26:40,0.87128,0.87143
740,2023-05-09 00:26:51,0.87126,0.87141
741,2023-05-09 00:26:51,0.87125,0.8714
742,2023-05-09 00:26:51,0.87126,0.87141
743,2023-05-09 00:26:56,0.87125,0.8714
744,2023-05-09 00:27:00,0.87125,0.8714
745,2023-05-09 00:27:01,0.87124,0.87139
746,2023-05-09 00:27:01,0.87125,0.8714
747,2023-05-09 00:27:11,0.87126,0.87141
748,2023-05-09 00:27:11,0.87127,0.87142
749,2023-05-09 00:27:22,0.87125,0.8714
750,2023-05-09 00:27:22,0.87127,0.87142
751,2023-05-09 00:27:22,0.87126,0.87141
752,2023-05-09 00:27:22,0.87125,0.8714
753,2023-05-09 00:27:22,0.87126,0.87141
754,2023-05-09 00:27:23,0.87127,0.87142
755,2023-05-09 00:27:27,0.87126,0.87141
756,2023-05-09 00:27:29,0.87128,0.87143
757,2023-05-09 00:27:29,0.87127,0.87142
758,2023-05-09 00:27:29,0.87126,0.87141
759,2023-05-09 00:27:33,0.87127,0.87142
760,2023-05-09 00:27:35,0.87126,0.87141
761,2023-05-09 00:27:38,0.87125,0.8714
762,2023-05-09 00:27:41,0.87124,0.87139
763,2023-05-09 00:27:42,0.87125,0.8714
764,2023-05-09 00:27:42,0.87124,0.87139
765,2023-05-09 00:27:42,0.87122,0.87137
766,2023-05-09 00:27:42,0.87123,0.87138
767,2023-05-09 00:27:55,0.87124,0.87139
768,2023-05-09 00:27:55,0.87125,0.8714
769,2023-05-09 00:27:56,0.87126,0.87141
770,2023-05-09 00:28:00,0.87126,0.87141
771,2023-05-09 00:28:02,0.87125,0.8714
772,2023-05-09 00:28:04,0.87126,0.87141
773,2023-05-09 00:28:14,0.87127,0.87142
774,2023-05-09 00:28:17,0.87126,0.87141
775,2023-05-09 00:28:30,0.87125,0.8714
776,2023-05-09 00:28:43,0.87126,0.87141
777,2023-05-09 00:29:00,0.87126,0.87141
778,2023-05-09 00:29:00,0.87127,0.87142
779,2023-05-09 00:29:02,0.87128,0.87143
780,2023-05-09 00:29:03,0.87127,0.87142
781,2023-05-09 00:29:04,0.87128,0.87143
782,2023-05-09 00:29:18,0.87127,0.87142
783,2023-05-09 00:29:18,0.87128,0.87143
784,2023-05-09 00:29:18,0.87129,0.87144
785,2023-05-09 00:29:25,0.87128,0.87143
786,2023-05-09 00:29:25,0.87129,0.87144
787,2023-05-09 00:29:37,0.8713,0.87145
788,2023-05-09 00:29:43,0.87129,0.87144
789,2023-05-09 00:29:43,0.87128,0.87143
790,2023-05-09 00:29:47,0.87129,0.87144
791,2023-05-09 00:29:53,0.87133,0.87148
792,2023-05-09 00:29:54,0.87134,0.87149
793,2023-05-09 00:30:00,0.87134,0.87149
794,2023-05-09 00:30:03,0.87137,0.87152
795,2023-05-09 00:30:04,0.87139,0.87154
796,2023-05-09 00:30:05,0.87138,0.87153
797,2023-05-09 00:30:08,0.87137,0.87152
798,2023-05-09 00:30:14,0.87135,0.8715
799,2023-05-09 00:30:14,0.87134,0.87149
800,2023-05-09 00:30:14,0.87135,0.8715
801,2023-05-09 00:30:15,0.87136,0.87151
802,2023-05-09 00:30:17,0.87135,0.8715
803,2023-05-09 00:30:17,0.87134,0.87149
804,2023-05-09 00:30:20,0.87135,0.8715
805,2023-05-09 00:30:24,0.87134,0.87149
806,2023-05-09 00:30:24,0.87132,0.87147
807,2023-05-09 00:30:26,0.87133,0.87148
808,2023-05-09 00:30:26,0.87132,0.87147
809,2023-05-09 00:30:27,0.87133,0.87148
810,2023-05-09 00:30:29,0.87132,0.87147
811,2023-05-09 00:30:30,0.87133,0.87148
812,2023-05-09 00:30:30,0.87134,0.87149
813,2023-05-09 00:30:31,0.87133,0.87148
814,2023-05-09 00:30:40,0.87134,0.87149
815,2023-05-09 00:30:46,0.87133,0.87148
816,2023-05-09 00:30:50,0.87134,0.87149
817,2023-05-09 00:31:00,0.87134,0.87149
818,2023-05-09 00:31:03,0.87133,0.87148
819,2023-05-09 00:31:03,0.87134,0.87149
820,2023-05-09 00:31:03,0.87133,0.87148
821,2023-05-09 00:31:06,0.87132,0.87147
822,2023-05-09 00:31:13,0.87131,0.87146
823,2023-05-09 00:31:13,0.8713,0.87145
824,2023-05-09 00:31:15,0.87131,0.87146
825,2023-05-09 00:31:15,0.8713,0.87145
826,2023-05-09 00:31:16,0.87131,0.87146
827,2023-05-09 00:31:22,0.8713,0.87145
828,2023-05-09 00:31:37,0.87132,0.87147
829,2023-05-09 00:31:42,0.87134,0.87149
830,2023-05-09 00:31:42,0.87133,0.87148
831,2023-05-09 00:31:42,0.87134,0.87149
832,2023-05-09 00:31:43,0.87133,0.87148
833,2023-05-09 00:31:51,0.87132,0.87147
834,2023-05-09 00:31:58,0.87131,0.87146
835,2023-05-09 00:31:59,0.87132,0.87147
836,2023-05-09 00:31:59,0.87131,0.87146
837,2023-05-09 00:32:00,0.87131,0.87146
838,2023-05-09 00:32:02,0.8713,0.87145
839,2023-05-09 00:32:02,0.87132,0.87147
840,2023-05-09 00:32:02,0.87131,0.87146
841,2023-05-09 00:32:02,0.87132,0.87147
842,2023-05-09 00:32:03,0.87131,0.87146
843,2023-05-09 00:32:03,0.87132,0.87147
844,2023-05-09 00:32:05,0.87133,0.87148
845,2023-05-09 00:32:07,0.87134,0.87149
846,2023-05-09 00:32:07,0.87133,0.87148
847,2023-05-09 00:32:07,0.87134,0.87149
848,2023-05-09 00:32:07,0.87135,0.8715
849,2023-05-09 00:32:07,0.87134,0.87149
850,2023-05-09 00:32:13,0.87135,0.8715
851,2023-05-09 00:32:21,0.87136,0.87151
852,2023-05-09 00:32:25,0.87134,0.87149
853,2023-05-09 00:32:25,0.87133,0.87148
854,2023-05-09 00:32:34,0.87134,0.87149
855,2023-05-09 00:32:35,0.87133,0.87148
856,2023-05-09 00:32:35,0.87132,0.87147
857,2023-05-09 00:32:41,0.87133,0.87148
858,2023-05-09 00:32:44,0.87132,0.87147
859,2023-05-09 00:32:44,0.87133,0.87148
860,2023-05-09 00:32:45,0.87134,0.87149
861,2023-05-09 00:32:45,0.87133,0.87148
862,2023-05-09 00:32:50,0.87134,0.87149
863,2023-05-09 00:32:55,0.87133,0.87148
864,2023-05-09 00:32:55,0.87132,0.87147
865,2023-05-09 00:32:55,0.87133,0.87148
866,2023-05-09 00:32:59,0.87134,0.87149
867,2023-05-09 00:33:00,0.87134,0.87149
868,2023-05-09 00:33:01,0.87135,0.8715
869,2023-05-09 00:33:01,0.87134,0.87149
870,2023-05-09 00:33:02,0.87135,0.8715
871,2023-05-09 00:33:05,0.87134,0.87149
872,2023-05-09 00:33:05,0.87135,0.8715
873,2023-05-09 00:33:12,0.87133,0.87148
874,2023-05-09 00:33:13,0.87134,0.87149
875,2023-05-09 00:33:25,0.87133,0.87148
876,2023-05-09 00:33:26,0.87134,0.87149
877,2023-05-09 00:33:26,0.87133,0.87148
878,2023-05-09 00:33:28,0.87132,0.87147
879,2023-05-09 00:33:29,0.87131,0.87146
880,2023-05-09 00:33:30,0.87134,0.87149
881,2023-05-09 00:33:30,0.87135,0.8715
882,2023-05-09 00:33:30,0.87136,0.87151
883,2023-05-09 00:33:36,0.87137,0.87152
884,2023-05-09 00:33:36,0.87138,0.87153
885,2023-05-09 00:33:37,0.87136,0.87151
886,2023-05-09 00:33:37,0.87135,0.8715
887,2023-05-09 00:33:38,0.87136,0.87151
888,2023-05-09 00:33:38,0.87135,0.8715
889,2023-05-09 00:33:40,0.87134,0.87149
890,2023-05-09 00:33:43,0.87136,0.87151
891,2023-05-09 00:33:45,0.87137,0.87152
892,2023-05-09 00:33:46,0.87136,0.87151
893,2023-05-09 00:33:47,0.87137,0.87152
894,2023-05-09 00:33:48,0.87136,0.87151
895,2023-05-09 00:34:00,0.87136,0.87151
896,2023-05-09 00:34:00,0.87138,0.87153
897,2023-05-09 00:34:06,0.87136,0.87151
898,2023-05-09 00:34:16,0.87137,0.87152
899,2023-05-09 00:34:16,0.87138,0.87153
900,2023-05-09 00:34:36,0.87136,0.87151
901,2023-05-09 00:34:59,0.87137,0.87152
902,2023-05-09 00:35:00,0.87137,0.87152
903,2023-05-09 00:35:05,0.87136,0.87151
904,2023-05-09 00:35:05,0.87139,0.87154
905,2023-05-09 00:35:05,0.87137,0.87152
906,2023-05-09 00:35:06,0.87136,0.87151
907,2023-05-09 00:35:08,0.87138,0.87153
908,2023-05-09 00:35:17,0.87136,0.87151
909,2023-05-09 00:35:17,0.87137,0.87152
910,2023-05-09 00:35:17,0.87136,0.87151
911,2023-05-09 00:35:27,0.87135,0.8715
912,2023-05-09 00:35:27,0.87136,0.87151
913,2023-05-09 00:35:31,0.87137,0.87152
914,2023-05-09 00:35:31,0.87136,0.87151
915,2023-05-09 00:35:35,0.8714,0.87155
916,2023-05-09 00:35:47,0.87139,0.87154
917,2023-05-09 00:35:57,0.87138,0.87153
918,2023-05-09 00:36:00,0.87138,0.87153
919,2023-05-09 00:36:06,0.87137,0.87152
920,2023-05-09 00:36:06,0.87138,0.87153
921,2023-05-09 00:36:17,0.8714,0.87155
922,2023-05-09 00:36:26,0.87139,0.87154
923,2023-05-09 00:36:38,0.87138,0.87153
924,2023-05-09 00:36:38,0.87139,0.87154
925,2023-05-09 00:36:40,0.87137,0.87152
926,2023-05-09 00:36:40,0.87139,0.87154
927,2023-05-09 00:36:51,0.87138,0.87153
928,2023-05-09 00:36:56,0.87137,0.87152
929,2023-05-09 00:36:59,0.87138,0.87153
930,2023-05-09 00:37:02,0.87138,0.87153
931,2023-05-09 00:37:04,0.87136,0.87151
932,2023-05-09 00:37:04,0.87137,0.87152
933,2023-05-09 00:37:04,0.87136,0.87151
934,2023-05-09 00:37:09,0.87135,0.8715
935,2023-05-09 00:37:15,0.87136,0.87151
936,2023-05-09 00:37:15,0.87135,0.8715
937,2023-05-09 00:37:21,0.87137,0.87152
938,2023-05-09 00:37:23,0.87138,0.87153
939,2023-05-09 00:37:24,0.87137,0.87152
940,2023-05-09 00:37:28,0.87136,0.87151
941,2023-05-09 00:37:28,0.87134,0.87149
942,2023-05-09 00:37:28,0.87135,0.8715
943,2023-05-09 00:37:32,0.87137,0.87152
944,2023-05-09 00:37:32,0.87136,0.87151
945,2023-05-09 00:37:38,0.87135,0.8715
946,2023-05-09 00:37:41,0.87136,0.87151
947,2023-05-09 00:37:42,0.87135,0.8715
948,2023-05-09 00:37:45,0.87136,0.87151
949,2023-05-09 00:37:46,0.87137,0.87152
950,2023-05-09 00:37:49,0.87136,0.87151
951,2023-05-09 00:37:49,0.87135,0.8715
952,2023-05-09 00:37:59,0.87136,0.87151
953,2023-05-09 00:38:01,0.87137,0.87152
954,2023-05-09 00:38:01,0.87136,0.87151
955,2023-05-09 00:38:01,0.87137,0.87152
956,2023-05-09 00:38:02,0.87135,0.8715
957,2023-05-09 00:38:03,0.87137,0.87152
958,2023-05-09 00:38:05,0.87138,0.87153
959,2023-05-09 00:38:14,0.87139,0.87154
960,2023-05-09 00:38:14,0.87138,0.87153
961,2023-05-09 00:38:15,0.87139,0.87154
962,2023-05-09 00:38:15,0.8714,0.87155
963,2023-05-09 00:38:19,0.87139,0.87154
964,2023-05-09 00:38:27,0.87138,0.87153
965,2023-05-09 00:38:29,0.87136,0.87151
966,2023-05-09 00:38:32,0.87135,0.8715
967,2023-05-09 00:38:36,0.87136,0.87151
968,2023-05-09 00:38:36,0.87135,0.8715
969,2023-05-09 00:38:38,0.87136,0.87151
970,2023-05-09 00:38:39,0.87135,0.8715
971,2023-05-09 00:38:39,0.87136,0.87151
972,2023-05-09 00:38:39,0.87137,0.87152
973,2023-05-09 00:38:40,0.87136,0.87151
974,2023-05-09 00:38:41,0.87135,0.8715
975,2023-05-09 00:38:42,0.87136,0.87151
976,2023-05-09 00:38:44,0.87135,0.8715
977,2023-05-09 00:38:49,0.87136,0.87151
978,2023-05-09 00:38:51,0.87138,0.87153
979,2023-05-09 00:38:51,0.87137,0.87152
980,2023-05-09 00:38:52,0.87138,0.87153
981,2023-05-09 00:38:54,0.87139,0.87154
982,2023-05-09 00:38:55,0.87138,0.87153
983,2023-05-09 00:38:58,0.87137,0.87152
984,2023-05-09 00:39:00,0.87137,0.87152
985,2023-05-09 00:39:04,0.87138,0.87153
986,2023-05-09 00:39:07,0.87139,0.87154
987,2023-05-09 00:39:20,0.87138,0.87153
988,2023-05-09 00:39:26,0.87139,0.87154
989,2023-05-09 00:39:30,0.87137,0.87152
990,2023-05-09 00:39:30,0.87138,0.87153
991,2023-05-09 00:39:39,0.87139,0.87154
992,2023-05-09 00:39:40,0.87138,0.87153
993,2023-05-09 00:39:40,0.87136,0.87151
994,2023-05-09 00:39:40,0.87137,0.87152
995,2023-05-09 00:39:50,0.87136,0.87151
996,2023-05-09 00:39:57,0.87137,0.87152
997,2023-05-09 00:39:58,0.87138,0.87153
998,2023-05-09 00:39:59,0.87139,0.87154
999,2023-05-09 00:40:00,0.87139,0.87154
1000,2023-05-09 00:40:01,0.8714,0.87155
1001,2023-05-09 00:40:01,0.87139,0.87154
1002,2023-05-09 00:40:01,0.87138,0.87153
1003,2023-05-09 00:40:02,0.87139,0.87154
1004,2023-05-09 00:40:10,0.87138,0.87153
1005,2023-05-09 00:40:11,0.87137,0.87152
1006,2023-05-09 00:40:11,0.87139,0.87154
1007,2023-05-09 00:40:16,0.87141,0.87156
1008,2023-05-09 00:40:16,0.8714,0.87155
1009,2023-05-09 00:40:17,0.87141,0.87156
1010,2023-05-09 00:40:24,0.87139,0.87154
1011,2023-05-09 00:40:24,0.8714,0.87155
1012,2023-05-09 00:40:31,0.87141,0.87156
1013,2023-05-09 00:40:32,0.87142,0.87157
1014,2023-05-09 00:40:38,0.87143,0.87158
1015,2023-05-09 00:40:45,0.87142,0.87157
1016,2023-05-09 00:40:51,0.87141,0.87156
1017,2023-05-09 00:40:51,0.87142,0.87157
1018,2023-05-09 00:40:51,0.87141,0.87156
1019,2023-05-09 00:40:52,0.87142,0.87157
1020,2023-05-09 00:41:00,0.87142,0.87157
1021,2023-05-09 00:41:11,0.87141,0.87156
1022,2023-05-09 00:41:11,0.87142,0.87157
1023,2023-05-09 00:41:17,0.87143,0.87158
1024,2023-05-09 00:41:18,0.87144,0.87159
1025,2023-05-09 00:41:19,0.87143,0.87158
1026,2023-05-09 00:41:19,0.87144,0.87159
1027,2023-05-09 00:41:20,0.87143,0.87158
1028,2023-05-09 00:41:21,0.87142,0.87157
1029,2023-05-09 00:41:21,0.87143,0.87158
1030,2023-05-09 00:41:30,0.87142,0.87157
1031,2023-05-09 00:41:30,0.87143,0.87158
1032,2023-05-09 00:41:31,0.87142,0.87157
1033,2023-05-09 00:41:34,0.87141,0.87156
1034,2023-05-09 00:41:34,0.87142,0.87157
1035,2023-05-09 00:41:42,0.87141,0.87156
1036,2023-05-09 00:41:47,0.87142,0.87157
1037,2023-05-09 00:41:48,0.8714,0.87155
1038,2023-05-09 00:41:49,0.87141,0.87156
1039,2023-05-09 00:41:51,0.8714,0.87155
1040,2023-05-09 00:41:59,0.87142,0.87157
1041,2023-05-09 00:42:00,0.87142,0.87157
1042,2023-05-09 00:42:00,0.87141,0.87156
1043,2023-05-09 00:42:02,0.8714,0.87155
1044,2023-05-09 00:42:03,0.87141,0.87156
1045,2023-05-09 00:42:04,0.87142,0.87157
1046,2023-05-09 00:42:04,0.87141,0.87156
1047,2023-05-09 00:42:05,0.87142,0.87157
1048,2023-05-09 00:42:06,0.87143,0.87158
1049,2023-05-09 00:42:08,0.87142,0.87157
1050,2023-05-09 00:42:10,0.87143,0.87158
1051,2023-05-09 00:42:18,0.87144,0.87159
1052,2023-05-09 00:42:19,0.87143,0.87158
1053,2023-05-09 00:42:19,0.87142,0.87157
1054,2023-05-09 00:42:22,0.87143,0.87158
1055,2023-05-09 00:42:22,0.87142,0.87157
1056,2023-05-09 00:42:41,0.87141,0.87156
1057,2023-05-09 00:42:41,0.87142,0.87157
1058,2023-05-09 00:42:51,0.87143,0.87158
1059,2023-05-09 00:42:56,0.87147,0.87162
1060,2023-05-09 00:43:00,0.87147,0.87162
1061,2023-05-09 00:43:08,0.87146,0.87161
1062,2023-05-09 00:43:09,0.87145,0.8716
1063,2023-05-09 00:43:10,0.87147,0.87162
1064,2023-05-09 00:43:27,0.87146,0.87161
1065,2023-05-09 00:43:33,0.87148,0.87163
1066,2023-05-09 00:43:42,0.87149,0.87164
1067,2023-05-09 00:43:44,0.87148,0.87163
1068,2023-05-09 00:43:44,0.87149,0.87164
1069,2023-05-09 00:43:50,0.87148,0.87163
1070,2023-05-09 00:43:57,0.87149,0.87164
1071,2023-05-09 00:44:00,0.87149,0.87164
1072,2023-05-09 00:44:00,0.87148,0.87163
1073,2023-05-09 00:44:00,0.87149,0.87164
1074,2023-05-09 00:44:24,0.8715,0.87165
1075,2023-05-09 00:44:24,0.87152,0.87167
1076,2023-05-09 00:44:25,0.87151,0.87166
1077,2023-05-09 00:44:26,0.8715,0.87165
1078,2023-05-09 00:44:30,0.87149,0.87164
1079,2023-05-09 00:44:44,0.87151,0.87166
1080,2023-05-09 00:44:46,0.8715,0.87165
1081,2023-05-09 00:44:47,0.87151,0.87166
1082,2023-05-09 00:44:49,0.87149,0.87164
1083,2023-05-09 00:44:51,0.87148,0.87163
1084,2023-05-09 00:44:53,0.87146,0.87161
1085,2023-05-09 00:44:53,0.87147,0.87162
1086,2023-05-09 00:44:54,0.87148,0.87163
1087,2023-05-09 00:44:56,0.87147,0.87162
1088,2023-05-09 00:44:57,0.87145,0.8716
1089,2023-05-09 00:45:00,0.87145,0.8716
1090,2023-05-09 00:45:11,0.87144,0.87159
1091,2023-05-09 00:45:26,0.87143,0.87158
1092,2023-05-09 00:45:40,0.87144,0.87159
1093,2023-05-09 00:45:41,0.87143,0.87158
1094,2023-05-09 00:45:41,0.87142,0.87157
1095,2023-05-09 00:45:48,0.87143,0.87158
1096,2023-05-09 00:45:48,0.87144,0.87159
1097,2023-05-09 00:45:48,0.87145,0.8716
1098,2023-05-09 00:45:53,0.87146,0.87161
1099,2023-05-09 00:45:55,0.87143,0.87158
1100,2023-05-09 00:46:00,0.87143,0.87158
1101,2023-05-09 00:46:02,0.87144,0.87159
1102,2023-05-09 00:46:08,0.87145,0.8716
1103,2023-05-09 00:46:37,0.87144,0.87159
1104,2023-05-09 00:46:44,0.87143,0.87158
1105,2023-05-09 00:46:46,0.87144,0.87159
1106,2023-05-09 00:46:47,0.87143,0.87158
1107,2023-05-09 00:46:47,0.87144,0.87159
1108,2023-05-09 00:47:00,0.87144,0.87159
1109,2023-05-09 00:47:05,0.87145,0.8716
1110,2023-05-09 00:47:10,0.87144,0.87159
1111,2023-05-09 00:47:10,0.87145,0.8716
1112,2023-05-09 00:47:12,0.87144,0.87159
1113,2023-05-09 00:47:13,0.87145,0.8716
1114,2023-05-09 00:47:17,0.87144,0.87159
1115,2023-05-09 00:47:23,0.87145,0.8716
1116,2023-05-09 00:47:23,0.87144,0.87159
1117,2023-05-09 00:47:26,0.87146,0.87161
1118,2023-05-09 00:47:27,0.87145,0.8716
1119,2023-05-09 00:47:28,0.87144,0.87159
1120,2023-05-09 00:47:29,0.87145,0.8716
1121,2023-05-09 00:47:29,0.87144,0.87159
1122,2023-05-09 00:47:32,0.87145,0.8716
1123,2023-05-09 00:47:32,0.87144,0.87159
1124,2023-05-09 00:47:44,0.87145,0.8716
1125,2023-05-09 00:47:44,0.87144,0.87159
1126,2023-05-09 00:47:47,0.87145,0.8716
1127,2023-05-09 00:47:48,0.87146,0.87161
1128,2023-05-09 00:47:50,0.87145,0.8716
1129,2023-05-09 00:47:51,0.87146,0.87161
1130,2023-05-09 00:47:58,0.87147,0.87162
1131,2023-05-09 00:48:00,0.87147,0.87162
1132,2023-05-09 00:48:01,0.87146,0.87161
1133,2023-05-09 00:48:08,0.87145,0.8716
1134,2023-05-09 00:48:09,0.87146,0.87161
1135,2023-05-09 00:48:10,0.87148,0.87163
1136,2023-05-09 00:48:10,0.87149,0.87164
1137,2023-05-09 00:48:11,0.87148,0.87163
1138,2023-05-09 00:48:12,0.87147,0.87162
1139,2023-05-09 00:48:13,0.87148,0.87163
1140,2023-05-09 00:48:13,0.87147,0.87162
1141,2023-05-09 00:48:13,0.87148,0.87163
1142,2023-05-09 00:48:14,0.87147,0.87162
1143,2023-05-09 00:48:14,0.87148,0.87163
1144,2023-05-09 00:48:14,0.87147,0.87162
1145,2023-05-09 00:48:15,0.87148,0.87163
1146,2023-05-09 00:48:15,0.87149,0.87164
1147,2023-05-09 00:48:16,0.8715,0.87165
1148,2023-05-09 00:48:16,0.87149,0.87164
1149,2023-05-09 00:48:16,0.8715,0.87165
1150,2023-05-09 00:48:16,0.87152,0.87167
1151,2023-05-09 00:48:18,0.87153,0.87168
1152,2023-05-09 00:48:19,0.87152,0.87167
1153,2023-05-09 00:48:19,0.87153,0.87168
1154,2023-05-09 00:48:20,0.87154,0.87169
1155,2023-05-09 00:48:22,0.87153,0.87168
1156,2023-05-09 00:48:22,0.87154,0.87169
1157,2023-05-09 00:48:22,0.87153,0.87168
1158,2023-05-09 00:48:23,0.87154,0.87169
1159,2023-05-09 00:48:26,0.87155,0.8717
1160,2023-05-09 00:48:29,0.87154,0.87169
1161,2023-05-09 00:48:29,0.87155,0.8717
1162,2023-05-09 00:48:30,0.87157,0.87172
1163,2023-05-09 00:48:31,0.87156,0.87171
1164,2023-05-09 00:48:32,0.87157,0.87172
1165,2023-05-09 00:48:33,0.87158,0.87173
1166,2023-05-09 00:48:33,0.87159,0.87174
1167,2023-05-09 00:48:34,0.87158,0.87173
1168,2023-05-09 00:48:38,0.87159,0.87174
1169,2023-05-09 00:48:40,0.87158,0.87173
1170,2023-05-09 00:48:40,0.87159,0.87174
1171,2023-05-09 00:48:41,0.87158,0.87173
1172,2023-05-09 00:48:44,0.87156,0.87171
1173,2023-05-09 00:48:45,0.87155,0.8717
1174,2023-05-09 00:48:47,0.87156,0.87171
1175,2023-05-09 00:49:00,0.87156,0.87171
1176,2023-05-09 00:49:00,0.87154,0.87169
1177,2023-05-09 00:49:00,0.87153,0.87168
1178,2023-05-09 00:49:05,0.87154,0.87169
1179,2023-05-09 00:49:06,0.87153,0.87168
1180,2023-05-09 00:49:06,0.87154,0.87169
1181,2023-05-09 00:49:06,0.87153,0.87168
1182,2023-05-09 00:49:08,0.87154,0.87169
1183,2023-05-09 00:49:17,0.87153,0.87168
1184,2023-05-09 00:49:17,0.87152,0.87167
1185,2023-05-09 00:49:31,0.87153,0.87168
1186,2023-05-09 00:49:34,0.87152,0.87167
1187,2023-05-09 00:49:41,0.87153,0.87168
1188,2023-05-09 00:49:54,0.87152,0.87167
1189,2023-05-09 00:49:54,0.87153,0.87168
1190,2023-05-09 00:50:00,0.87153,0.87168
1191,2023-05-09 00:50:05,0.87155,0.8717
1192,2023-05-09 00:50:05,0.87156,0.87171
1193,2023-05-09 00:50:05,0.87155,0.8717
1194,2023-05-09 00:50:06,0.87156,0.87171
1195,2023-05-09 00:50:24,0.87157,0.87172
1196,2023-05-09 00:50:28,0.87156,0.87171
1197,2023-05-09 00:50:30,0.87157,0.87172
1198,2023-05-09 00:50:32,0.87156,0.87171
1199,2023-05-09 00:50:33,0.87157,0.87172
1200,2023-05-09 00:50:35,0.87158,0.87173
1201,2023-05-09 00:50:45,0.87157,0.87172
1202,2023-05-09 00:50:52,0.8716,0.87175
1203,2023-05-09 00:50:52,0.87159,0.87174
1204,2023-05-09 00:50:52,0.8716,0.87175
1205,2023-05-09 00:50:59,0.87159,0.87174
1206,2023-05-09 00:51:00,0.87159,0.87174
1207,2023-05-09 00:51:00,0.8716,0.87175
1208,2023-05-09 00:51:02,0.87161,0.87176
1209,2023-05-09 00:51:10,0.87162,0.87177
1210,2023-05-09 00:51:11,0.87161,0.87176
1211,2023-05-09 00:51:11,0.87162,0.87177
1212,2023-05-09 00:51:14,0.87161,0.87176
1213,2023-05-09 00:51:20,0.87162,0.87177
1214,2023-05-09 00:51:20,0.87161,0.87176
1215,2023-05-09 00:51:21,0.87162,0.87177
1216,2023-05-09 00:51:29,0.87161,0.87176
1217,2023-05-09 00:51:29,0.87159,0.87174
1218,2023-05-09 00:51:30,0.8716,0.87175
1219,2023-05-09 00:51:31,0.87161,0.87176
1220,2023-05-09 00:51:33,0.8716,0.87175
1221,2023-05-09 00:51:38,0.87161,0.87176
1222,2023-05-09 00:51:38,0.8716,0.87175
1223,2023-05-09 00:51:39,0.87161,0.87176
1224,2023-05-09 00:51:40,0.87162,0.87177
1225,2023-05-09 00:51:40,0.87161,0.87176
1226,2023-05-09 00:51:41,0.87162,0.87177
1227,2023-05-09 00:51:43,0.87161,0.87176
1228,2023-05-09 00:52:00,0.87161,0.87176
1229,2023-05-09 00:52:00,0.87162,0.87177
1230,2023-05-09 00:52:00,0.87161,0.87176
1231,2023-05-09 00:52:03,0.87162,0.87177
1232,2023-05-09 00:52:05,0.87161,0.87176
1233,2023-05-09 00:52:24,0.8716,0.87175
1234,2023-05-09 00:52:25,0.87161,0.87176
1235,2023-05-09 00:52:32,0.87162,0.87177
1236,2023-05-09 00:52:33,0.87163,0.87178
1237,2023-05-09 00:52:33,0.87162,0.87177
1238,2023-05-09 00:52:35,0.87163,0.87178
1239,2023-05-09 00:52:37,0.87162,0.87177
1240,2023-05-09 00:52:41,0.87161,0.87176
1241,2023-05-09 00:52:42,0.87163,0.87178
1242,2023-05-09 00:52:45,0.87162,0.87177
1243,2023-05-09 00:52:45,0.87163,0.87178
1244,2023-05-09 00:53:00,0.87164,0.87179
1245,2023-05-09 00:53:00,0.87163,0.87178
1246,2023-05-09 00:53:02,0.87164,0.87179
1247,2023-05-09 00:53:03,0.87163,0.87178
1248,2023-05-09 00:53:07,0.87164,0.87179
1249,2023-05-09 00:53:07,0.87163,0.87178
1250,2023-05-09 00:53:20,0.87164,0.87179
1251,2023-05-09 00:53:20,0.87163,0.87178
1252,2023-05-09 00:53:23,0.87162,0.87177
1253,2023-05-09 00:53:34,0.87161,0.87176
1254,2023-05-09 00:53:42,0.87162,0.87177
1255,2023-05-09 00:53:48,0.87161,0.87176
1256,2023-05-09 00:53:59,0.87162,0.87177
1257,2023-05-09 00:54:00,0.87162,0.87177
1258,2023-05-09 00:54:10,0.87161,0.87176
1259,2023-05-09 00:54:14,0.8716,0.87175
1260,2023-05-09 00:54:16,0.87161,0.87176
1261,2023-05-09 00:54:17,0.8716,0.87175
1262,2023-05-09 00:54:20,0.87159,0.87174
1263,2023-05-09 00:54:21,0.8716,0.87175
1264,2023-05-09 00:54:27,0.87161,0.87176
1265,2023-05-09 00:54:30,0.8716,0.87175
1266,2023-05-09 00:54:32,0.87161,0.87176
1267,2023-05-09 00:54:34,0.87159,0.87174
1268,2023-05-09 00:54:34,0.87158,0.87173
1269,2023-05-09 00:54:35,0.87157,0.87172
1270,2023-05-09 00:54:35,0.87158,0.87173
1271,2023-05-09 00:54:35,0.87159,0.87174
1272,2023-05-09 00:54:36,0.8716,0.87175
1273,2023-05-09 00:54:38,0.87158,0.87173
1274,2023-05-09 00:54:38,0.87157,0.87172
1275,2023-05-09 00:54:39,0.87158,0.87173
1276,2023-05-09 00:54:40,0.87157,0.87172
1277,2023-05-09 00:54:42,0.87158,0.87173
1278,2023-05-09 00:54:43,0.87156,0.87171
1279,2023-05-09 00:54:44,0.87157,0.87172
1280,2023-05-09 00:54:44,0.87156,0.87171
1281,2023-05-09 00:54:44,0.87158,0.87173
1282,2023-05-09 00:54:47,0.87157,0.87172
1283,2023-05-09 00:54:47,0.87158,0.87173
1284,2023-05-09 00:54:48,0.87157,0.87172
1285,2023-05-09 00:54:49,0.87155,0.8717
1286,2023-05-09 00:54:49,0.87156,0.87171
1287,2023-05-09 00:54:52,0.87155,0.8717
1288,2023-05-09 00:54:53,0.87154,0.87169
1289,2023-05-09 00:54:56,0.87155,0.8717
1290,2023-05-09 00:54:57,0.87156,0.87171
1291,2023-05-09 00:54:57,0.87155,0.8717
1292,2023-05-09 00:54:58,0.87153,0.87168
1293,2023-05-09 00:54:58,0.87154,0.87169
1294,2023-05-09 00:54:58,0.87155,0.8717
1295,2023-05-09 00:54:59,0.87153,0.87168
1296,2023-05-09 00:54:59,0.87154,0.87169
1297,2023-05-09 00:55:00,0.87154,0.87169
1298,2023-05-09 00:55:00,0.87155,0.8717
1299,2023-05-09 00:55:00,0.87154,0.87169
1300,2023-05-09 00:55:02,0.87155,0.8717
1301,2023-05-09 00:55:03,0.87156,0.87171
1302,2023-05-09 00:55:03,0.87155,0.8717
1303,2023-05-09 00:55:09,0.87156,0.87171
1304,2023-05-09 00:55:10,0.87157,0.87172
1305,2023-05-09 00:55:19,0.87158,0.87173
1306,2023-05-09 00:55:22,0.87159,0.87174
1307,2023-05-09 00:55:28,0.8716,0.87175
1308,2023-05-09 00:55:33,0.87159,0.87174
1309,2023-05-09 00:55:35,0.8716,0.87175
1310,2023-05-09 00:55:41,0.87159,0.87174
1311,2023-05-09 00:55:42,0.8716,0.87175
1312,2023-05-09 00:55:42,0.87159,0.87174
1313,2023-05-09 00:55:44,0.8716,0.87175
1314,2023-05-09 00:55:48,0.87159,0.87174
1315,2023-05-09 00:56:00,0.87159,0.87174
1316,2023-05-09 00:56:00,0.87161,0.87176
1317,2023-05-09 00:56:03,0.8716,0.87175
1318,2023-05-09 00:56:03,0.87159,0.87174
1319,2023-05-09 00:56:05,0.87158,0.87173
1320,2023-05-09 00:56:07,0.87159,0.87174
1321,2023-05-09 00:56:07,0.87158,0.87173
1322,2023-05-09 00:56:10,0.87159,0.87174
1323,2023-05-09 00:56:11,0.87158,0.87173
1324,2023-05-09 00:56:11,0.87157,0.87172
1325,2023-05-09 00:56:11,0.87158,0.87173
1326,2023-05-09 00:56:12,0.87157,0.87172
1327,2023-05-09 00:56:12,0.87158,0.87173
1328,2023-05-09 00:56:13,0.87159,0.87174
1329,2023-05-09 00:56:14,0.87158,0.87173
1330,2023-05-09 00:56:14,0.87159,0.87174
1331,2023-05-09 00:56:15,0.87158,0.87173
1332,2023-05-09 00:56:15,0.87157,0.87172
1333,2023-05-09 00:56:16,0.87153,0.87168
1334,2023-05-09 00:56:16,0.87151,0.87166
1335,2023-05-09 00:56:16,0.8715,0.87165
1336,2023-05-09 00:56:18,0.87149,0.87164
1337,2023-05-09 00:56:18,0.87148,0.87163
1338,2023-05-09 00:56:18,0.87146,0.87161
1339,2023-05-09 00:56:18,0.87144,0.87159
1340,2023-05-09 00:56:19,0.87143,0.87158
1341,2023-05-09 00:56:26,0.87145,0.8716
1342,2023-05-09 00:56:26,0.87146,0.87161
1343,2023-05-09 00:56:26,0.87147,0.87162
1344,2023-05-09 00:56:26,0.87148,0.87163
1345,2023-05-09 00:56:27,0.87146,0.87161
1346,2023-05-09 00:56:28,0.87144,0.87159
1347,2023-05-09 00:56:31,0.87146,0.87161
1348,2023-05-09 00:56:32,0.87145,0.8716
1349,2023-05-09 00:56:34,0.87146,0.87161
1350,2023-05-09 00:56:34,0.87147,0.87162
1351,2023-05-09 00:56:37,0.87148,0.87163
1352,2023-05-09 00:56:39,0.87147,0.87162
1353,2023-05-09 00:56:40,0.87148,0.87163
1354,2023-05-09 00:56:40,0.87147,0.87162
1355,2023-05-09 00:56:42,0.87148,0.87163
1356,2023-05-09 00:56:43,0.87147,0.87162
1357,2023-05-09 00:56:43,0.87146,0.87161
1358,2023-05-09 00:56:44,0.87145,0.8716
1359,2023-05-09 00:56:47,0.87146,0.87161
1360,2023-05-09 00:56:47,0.87147,0.87162
1361,2023-05-09 00:56:51,0.87148,0.87163
1362,2023-05-09 00:56:51,0.87147,0.87162
1363,2023-05-09 00:56:52,0.87149,0.87164
1364,2023-05-09 00:56:55,0.87148,0.87163
1365,2023-05-09 00:56:56,0.87147,0.87162
1366,2023-05-09 00:56:57,0.87148,0.87163
1367,2023-05-09 00:57:00,0.87148,0.87163
1368,2023-05-09 00:57:03,0.87147,0.87162
1369,2023-05-09 00:57:19,0.87146,0.87161
1370,2023-05-09 00:57:21,0.87147,0.87162
1371,2023-05-09 00:57:22,0.87146,0.87161
1372,2023-05-09 00:57:23,0.87147,0.87162
1373,2023-05-09 00:57:29,0.87148,0.87163
1374,2023-05-09 00:57:35,0.87149,0.87164
1375,2023-05-09 00:57:41,0.87148,0.87163
1376,2023-05-09 00:57:47,0.87147,0.87162
1377,2023-05-09 00:57:47,0.87146,0.87161
1378,2023-05-09 00:58:00,0.87146,0.87161
1379,2023-05-09 00:58:00,0.87144,0.87159
1380,2023-05-09 00:58:00,0.87145,0.8716
1381,2023-05-09 00:58:00,0.87144,0.87159
1382,2023-05-09 00:58:06,0.87143,0.87158
1383,2023-05-09 00:58:10,0.87142,0.87157
1384,2023-05-09 00:58:11,0.87145,0.8716
1385,2023-05-09 00:58:11,0.87144,0.87159
1386,2023-05-09 00:58:28,0.87143,0.87158
1387,2023-05-09 00:58:31,0.87142,0.87157
1388,2023-05-09 00:58:32,0.87143,0.87158
1389,2023-05-09 00:58:33,0.87142,0.87157
1390,2023-05-09 00:58:36,0.87143,0.87158
1391,2023-05-09 00:58:40,0.87142,0.87157
1392,2023-05-09 00:58:41,0.87143,0.87158
1393,2023-05-09 00:58:41,0.87142,0.87157
1394,2023-05-09 00:58:42,0.87141,0.87156
1395,2023-05-09 00:58:43,0.87142,0.87157
1396,2023-05-09 00:58:43,0.87143,0.87158
1397,2023-05-09 00:58:46,0.87144,0.87159
1398,2023-05-09 00:58:46,0.87146,0.87161
1399,2023-05-09 00:58:47,0.87145,0.8716
1400,2023-05-09 00:58:49,0.87146,0.87161
1401,2023-05-09 00:58:50,0.87145,0.8716
1402,2023-05-09 00:58:50,0.87143,0.87158
1403,2023-05-09 00:58:52,0.87144,0.87159
1404,2023-05-09 00:58:52,0.87143,0.87158
1405,2023-05-09 00:58:59,0.87142,0.87157
1406,2023-05-09 00:59:00,0.87142,0.87157
1407,2023-05-09 00:59:05,0.87143,0.87158
1408,2023-05-09 00:59:06,0.87144,0.87159
1409,2023-05-09 00:59:13,0.87145,0.8716
1410,2023-05-09 00:59:26,0.87146,0.87161
1411,2023-05-09 00:59:26,0.87145,0.8716
1412,2023-05-09 00:59:27,0.87146,0.87161
1413,2023-05-09 00:59:29,0.87145,0.8716
1414,2023-05-09 00:59:32,0.87146,0.87161
1415,2023-05-09 00:59:33,0.87145,0.8716
1416,2023-05-09 00:59:33,0.87146,0.87161
1417,2023-05-09 00:59:37,0.87147,0.87162
1418,2023-05-09 00:59:37,0.87146,0.87161
1419,2023-05-09 00:59:37,0.87145,0.8716
1420,2023-05-09 00:59:38,0.87146,0.87161
1421,2023-05-09 00:59:38,0.87147,0.87162
1422,2023-05-09 00:59:50,0.87148,0.87163
1423,2023-05-09 00:59:51,0.87149,0.87164
1424,2023-05-09 00:59:57,0.87148,0.87163
1425,2023-05-09 01:00:00,0.87148,0.87163
1426,2023-05-09 01:00:01,0.87149,0.87164
1427,2023-05-09 01:00:01,0.8715,0.87165
1428,2023-05-09 01:00:07,0.87149,0.87164
1429,2023-05-09 01:00:08,0.8715,0.87165
1430,2023-05-09 01:00:08,0.87151,0.87166
1431,2023-05-09 01:00:11,0.87152,0.87167
1432,2023-05-09 01:00:13,0.87151,0.87166
1433,2023-05-09 01:00:16,0.8715,0.87165
1434,2023-05-09 01:00:18,0.87151,0.87166
1435,2023-05-09 01:00:31,0.87152,0.87167
1436,2023-05-09 01:00:31,0.87151,0.87166
1437,2023-05-09 01:00:35,0.87152,0.87167
1438,2023-05-09 01:00:36,0.87151,0.87166
1439,2023-05-09 01:00:37,0.87152,0.87167
1440,2023-05-09 01:00:50,0.87153,0.87168
1441,2023-05-09 01:00:54,0.87152,0.87167
1442,2023-05-09 01:00:55,0.87151,0.87166
1443,2023-05-09 01:00:55,0.87152,0.87167
1444,2023-05-09 01:00:57,0.87151,0.87166
1445,2023-05-09 01:01:00,0.87151,0.87166
1446,2023-05-09 01:01:00,0.8715,0.87165
1447,2023-05-09 01:01:01,0.87152,0.87167
1448,2023-05-09 01:01:02,0.87151,0.87166
1449,2023-05-09 01:01:02,0.87152,0.87167
1450,2023-05-09 01:01:04,0.87151,0.87166
1451,2023-05-09 01:01:04,0.87153,0.87168
1452,2023-05-09 01:01:10,0.87152,0.87167
1453,2023-05-09 01:01:10,0.87154,0.87169
1454,2023-05-09 01:01:10,0.87152,0.87167
1455,2023-05-09 01:01:13,0.87151,0.87166
1456,2023-05-09 01:01:16,0.8715,0.87165
1457,2023-05-09 01:01:18,0.87151,0.87166
1458,2023-05-09 01:01:18,0.8715,0.87165
1459,2023-05-09 01:01:19,0.87152,0.87167
1460,2023-05-09 01:01:19,0.87151,0.87166
1461,2023-05-09 01:01:19,0.8715,0.87165
1462,2023-05-09 01:01:21,0.87151,0.87166
1463,2023-05-09 01:01:24,0.87152,0.87167
1464,2023-05-09 01:01:27,0.87149,0.87164
1465,2023-05-09 01:01:31,0.8715,0.87165
1466,2023-05-09 01:01:38,0.87149,0.87164
1467,2023-05-09 01:01:39,0.8715,0.87165
1468,2023-05-09 01:01:45,0.87149,0.87164
1469,2023-05-09 01:01:45,0.8715,0.87165
1470,2023-05-09 01:01:46,0.87149,0.87164
1471,2023-05-09 01:01:47,0.8715,0.87165
1472,2023-05-09 01:01:49,0.87151,0.87166
1473,2023-05-09 01:01:52,0.87154,0.87169
1474,2023-05-09 01:01:52,0.87153,0.87168
1475,2023-05-09 01:01:59,0.87154,0.87169
1476,2023-05-09 01:02:00,0.87154,0.87169
1477,2023-05-09 01:02:00,0.87152,0.87167
1478,2023-05-09 01:02:02,0.8715,0.87165
1479,2023-05-09 01:02:03,0.87149,0.87164
1480,2023-05-09 01:02:10,0.87148,0.87163
1481,2023-05-09 01:02:17,0.87147,0.87162
1482,2023-05-09 01:02:17,0.87148,0.87163
1483,2023-05-09 01:02:18,0.87147,0.87162
1484,2023-05-09 01:02:21,0.87148,0.87163
1485,2023-05-09 01:02:31,0.87147,0.87162
1486,2023-05-09 01:02:37,0.87148,0.87163
1487,2023-05-09 01:02:40,0.87147,0.87162
1488,2023-05-09 01:02:42,0.87148,0.87163
1489,2023-05-09 01:02:43,0.87147,0.87162
1490,2023-05-09 01:02:49,0.87146,0.87161
1491,2023-05-09 01:02:55,0.87145,0.8716
1492,2023-05-09 01:02:56,0.87144,0.87159
1493,2023-05-09 01:02:57,0.87143,0.87158
1494,2023-05-09 01:02:58,0.87144,0.87159
1495,2023-05-09 01:02:59,0.87143,0.87158
1496,2023-05-09 01:03:00,0.87143,0.87158
1497,2023-05-09 01:03:02,0.87144,0.87159
1498,2023-05-09 01:03:06,0.87142,0.87157
1499,2023-05-09 01:03:06,0.87141,0.87156
1500,2023-05-09 01:03:09,0.87142,0.87157
1501,2023-05-09 01:03:09,0.87143,0.87158
1502,2023-05-09 01:03:10,0.87142,0.87157
1503,2023-05-09 01:03:18,0.87143,0.87158
1504,2023-05-09 01:03:19,0.87141,0.87156
1505,2023-05-09 01:03:19,0.87142,0.87157
1506,2023-05-09 01:03:19,0.87141,0.87156
1507,2023-05-09 01:03:27,0.87142,0.87157
1508,2023-05-09 01:03:31,0.87141,0.87156
1509,2023-05-09 01:03:32,0.87142,0.87157
1510,2023-05-09 01:03:53,0.87141,0.87156
1511,2023-05-09 01:04:00,0.87141,0.87156
1512,2023-05-09 01:04:01,0.8714,0.87155
1513,2023-05-09 01:04:04,0.87141,0.87156
1514,2023-05-09 01:04:11,0.87142,0.87157
1515,2023-05-09 01:04:13,0.87143,0.87158
1516,2023-05-09 01:04:16,0.87142,0.87157
1517,2023-05-09 01:04:22,0.87141,0.87156
1518,2023-05-09 01:04:34,0.87142,0.87157
1519,2023-05-09 01:04:34,0.87141,0.87156
1520,2023-05-09 01:04:38,0.87139,0.87154
1521,2023-05-09 01:04:39,0.87138,0.87153
1522,2023-05-09 01:04:41,0.87139,0.87154
1523,2023-05-09 01:04:41,0.87141,0.87156
1524,2023-05-09 01:04:47,0.8714,0.87155
1525,2023-05-09 01:04:49,0.87141,0.87156
1526,2023-05-09 01:04:49,0.87142,0.87157
1527,2023-05-09 01:04:52,0.87141,0.87156
1528,2023-05-09 01:04:52,0.87142,0.87157
1529,2023-05-09 01:04:59,0.87143,0.87158
1530,2023-05-09 01:04:59,0.87142,0.87157
1531,2023-05-09 01:05:00,0.87142,0.87157
1532,2023-05-09 01:05:07,0.87143,0.87158
1533,2023-05-09 01:05:15,0.87142,0.87157
1534,2023-05-09 01:05:15,0.87143,0.87158
1535,2023-05-09 01:05:16,0.87142,0.87157
1536,2023-05-09 01:05:16,0.87143,0.87158
1537,2023-05-09 01:05:19,0.87142,0.87157
1538,2023-05-09 01:05:20,0.87143,0.87158
1539,2023-05-09 01:05:43,0.8714,0.87155
1540,2023-05-09 01:05:46,0.87141,0.87156
1541,2023-05-09 01:05:46,0.8714,0.87155
1542,2023-05-09 01:05:46,0.87141,0.87156
1543,2023-05-09 01:05:59,0.8714,0.87155
1544,2023-05-09 01:05:59,0.87141,0.87156
1545,2023-05-09 01:06:00,0.87141,0.87156
1546,2023-05-09 01:06:01,0.87142,0.87157
1547,2023-05-09 01:06:03,0.8714,0.87155
1548,2023-05-09 01:06:06,0.87141,0.87156
1549,2023-05-09 01:06:07,0.8714,0.87155
1550,2023-05-09 01:06:07,0.87141,0.87156
1551,2023-05-09 01:06:13,0.8714,0.87155
1552,2023-05-09 01:06:13,0.87141,0.87156
1553,2023-05-09 01:06:24,0.8714,0.87155
1554,2023-05-09 01:06:30,0.87139,0.87154
1555,2023-05-09 01:06:32,0.87141,0.87156
1556,2023-05-09 01:06:33,0.8714,0.87155
1557,2023-05-09 01:06:38,0.87141,0.87156
1558,2023-05-09 01:06:38,0.8714,0.87155
1559,2023-05-09 01:06:44,0.87139,0.87154
1560,2023-05-09 01:06:45,0.8714,0.87155
1561,2023-05-09 01:06:45,0.87139,0.87154
1562,2023-05-09 01:06:46,0.8714,0.87155
1563,2023-05-09 01:06:49,0.87141,0.87156
1564,2023-05-09 01:06:49,0.8714,0.87155
1565,2023-05-09 01:06:51,0.87139,0.87154
1566,2023-05-09 01:06:52,0.8714,0.87155
1567,2023-05-09 01:06:52,0.87139,0.87154
1568,2023-05-09 01:06:55,0.8714,0.87155
1569,2023-05-09 01:06:56,0.87139,0.87154
1570,2023-05-09 01:06:58,0.8714,0.87155
1571,2023-05-09 01:06:59,0.87139,0.87154
1572,2023-05-09 01:07:00,0.87139,0.87154
1573,2023-05-09 01:07:00,0.87138,0.87153
1574,2023-05-09 01:07:00,0.87137,0.87152
1575,2023-05-09 01:07:02,0.87136,0.87151
1576,2023-05-09 01:07:06,0.87137,0.87152
1577,2023-05-09 01:07:07,0.87136,0.87151
1578,2023-05-09 01:07:07,0.87137,0.87152
1579,2023-05-09 01:07:11,0.87136,0.87151
1580,2023-05-09 01:07:14,0.87137,0.87152
1581,2023-05-09 01:07:14,0.87138,0.87153
1582,2023-05-09 01:07:17,0.87139,0.87154
1583,2023-05-09 01:07:18,0.8714,0.87155
1584,2023-05-09 01:07:19,0.87139,0.87154
1585,2023-05-09 01:07:20,0.8714,0.87155
1586,2023-05-09 01:07:28,0.87139,0.87154
1587,2023-05-09 01:07:33,0.8714,0.87155
1588,2023-05-09 01:07:55,0.87141,0.87156
1589,2023-05-09 01:08:00,0.87141,0.87156
1590,2023-05-09 01:08:01,0.87142,0.87157
1591,2023-05-09 01:08:01,0.8714,0.87155
1592,2023-05-09 01:08:02,0.87139,0.87154
1593,2023-05-09 01:08:14,0.8714,0.87155
1594,2023-05-09 01:08:16,0.87139,0.87154
1595,2023-05-09 01:08:17,0.8714,0.87155
1596,2023-05-09 01:08:20,0.87139,0.87154
1597,2023-05-09 01:08:23,0.8714,0.87155
1598,2023-05-09 01:08:23,0.87139,0.87154
1599,2023-05-09 01:08:23,0.8714,0.87155
1600,2023-05-09 01:08:24,0.87139,0.87154
1601,2023-05-09 01:08:24,0.8714,0.87155
1602,2023-05-09 01:08:28,0.87139,0.87154
1603,2023-05-09 01:08:28,0.87138,0.87153
1604,2023-05-09 01:08:30,0.87141,0.87156
1605,2023-05-09 01:08:42,0.87143,0.87158
1606,2023-05-09 01:08:42,0.87145,0.8716
1607,2023-05-09 01:08:42,0.87143,0.87158
1608,2023-05-09 01:08:43,0.87142,0.87157
1609,2023-05-09 01:08:47,0.87143,0.87158
1610,2023-05-09 01:08:50,0.87142,0.87157
1611,2023-05-09 01:09:00,0.87142,0.87157
1612,2023-05-09 01:09:06,0.87143,0.87158
1613,2023-05-09 01:09:08,0.87142,0.87157
1614,2023-05-09 01:09:10,0.87143,0.87158
1615,2023-05-09 01:09:10,0.87141,0.87156
1616,2023-05-09 01:09:26,0.87142,0.87157
1617,2023-05-09 01:09:30,0.87143,0.87158
1618,2023-05-09 01:09:32,0.87142,0.87157
1619,2023-05-09 01:09:33,0.87143,0.87158
1620,2023-05-09 01:09:33,0.87142,0.87157
1621,2023-05-09 01:09:34,0.87143,0.87158
1622,2023-05-09 01:09:39,0.87142,0.87157
1623,2023-05-09 01:09:40,0.87143,0.87158
1624,2023-05-09 01:09:42,0.87144,0.87159
1625,2023-05-09 01:09:44,0.87145,0.8716
1626,2023-05-09 01:09:47,0.87144,0.87159
1627,2023-05-09 01:09:50,0.87145,0.8716
1628,2023-05-09 01:09:55,0.87144,0.87159
1629,2023-05-09 01:09:57,0.87146,0.87161
1630,2023-05-09 01:09:59,0.87145,0.8716
1631,2023-05-09 01:10:00,0.87145,0.8716
1632,2023-05-09 01:10:02,0.87146,0.87161
1633,2023-05-09 01:10:02,0.87147,0.87162
1634,2023-05-09 01:10:02,0.87148,0.87163
1635,2023-05-09 01:10:08,0.87149,0.87164
1636,2023-05-09 01:10:11,0.87148,0.87163
1637,2023-05-09 01:10:19,0.87149,0.87164
1638,2023-05-09 01:10:22,0.87148,0.87163
1639,2023-05-09 01:10:34,0.87147,0.87162
1640,2023-05-09 01:10:34,0.87148,0.87163
1641,2023-05-09 01:10:35,0.87149,0.87164
1642,2023-05-09 01:10:35,0.8715,0.87165
1643,2023-05-09 01:10:36,0.87149,0.87164
1644,2023-05-09 01:10:45,0.87148,0.87163
1645,2023-05-09 01:10:46,0.87149,0.87164
1646,2023-05-09 01:10:55,0.87148,0.87163
1647,2023-05-09 01:11:00,0.87148,0.87163
1648,2023-05-09 01:11:08,0.87149,0.87164
1649,2023-05-09 01:11:08,0.87148,0.87163
1650,2023-05-09 01:11:09,0.87147,0.87162
1651,2023-05-09 01:11:10,0.87148,0.87163
1652,2023-05-09 01:11:17,0.87147,0.87162
1653,2023-05-09 01:11:21,0.87146,0.87161
1654,2023-05-09 01:11:22,0.87145,0.8716
1655,2023-05-09 01:11:26,0.87146,0.87161
1656,2023-05-09 01:11:34,0.87147,0.87162
1657,2023-05-09 01:11:36,0.87146,0.87161
1658,2023-05-09 01:11:41,0.87147,0.87162
1659,2023-05-09 01:11:42,0.87146,0.87161
1660,2023-05-09 01:11:43,0.87145,0.8716
1661,2023-05-09 01:11:44,0.87146,0.87161
1662,2023-05-09 01:11:49,0.87145,0.8716
1663,2023-05-09 01:11:49,0.87146,0.87161
1664,2023-05-09 01:12:00,0.87146,0.87161
1665,2023-05-09 01:12:03,0.87145,0.8716
1666,2023-05-09 01:12:07,0.87146,0.87161
1667,2023-05-09 01:12:08,0.87145,0.8716
1668,2023-05-09 01:12:11,0.87143,0.87158
1669,2023-05-09 01:12:16,0.87142,0.87157
1670,2023-05-09 01:12:21,0.87143,0.87158
1671,2023-05-09 01:12:22,0.87142,0.87157
1672,2023-05-09 01:12:27,0.87141,0.87156
1673,2023-05-09 01:12:29,0.87142,0.87157
1674,2023-05-09 01:12:29,0.87141,0.87156
1675,2023-05-09 01:12:29,0.87142,0.87157
1676,2023-05-09 01:12:30,0.87141,0.87156
1677,2023-05-09 01:12:30,0.87142,0.87157
1678,2023-05-09 01:12:31,0.87141,0.87156
1679,2023-05-09 01:12:34,0.87142,0.87157
1680,2023-05-09 01:12:41,0.87141,0.87156
1681,2023-05-09 01:12:46,0.8714,0.87155
1682,2023-05-09 01:12:47,0.87141,0.87156
1683,2023-05-09 01:12:48,0.8714,0.87155
1684,2023-05-09 01:12:51,0.87141,0.87156
1685,2023-05-09 01:12:54,0.8714,0.87155
1686,2023-05-09 01:12:57,0.87141,0.87156
1687,2023-05-09 01:13:00,0.87141,0.87156
1688,2023-05-09 01:13:12,0.8714,0.87155
1689,2023-05-09 01:13:14,0.87138,0.87153
1690,2023-05-09 01:13:16,0.87139,0.87154
1691,2023-05-09 01:13:22,0.8714,0.87155
1692,2023-05-09 01:13:27,0.87139,0.87154
1693,2023-05-09 01:13:31,0.8714,0.87155
1694,2023-05-09 01:13:32,0.87141,0.87156
1695,2023-05-09 01:13:37,0.8714,0.87155
1696,2023-05-09 01:13:37,0.87139,0.87154
1697,2023-05-09 01:13:37,0.87137,0.87152
1698,2023-05-09 01:13:37,0.87138,0.87153
1699,2023-05-09 01:13:56,0.87137,0.87152
1700,2023-05-09 01:14:00,0.87137,0.87152
1701,2023-05-09 01:14:04,0.87138,0.87153
1702,2023-05-09 01:14:05,0.8714,0.87155
1703,2023-05-09 01:14:05,0.87142,0.87157
1704,2023-05-09 01:14:05,0.87141,0.87156
1705,2023-05-09 01:14:07,0.87142,0.87157
1706,2023-05-09 01:14:07,0.8714,0.87155
1707,2023-05-09 01:14:09,0.87142,0.87157
1708,2023-05-09 01:14:11,0.87141,0.87156
1709,2023-05-09 01:14:13,0.87144,0.87159
1710,2023-05-09 01:14:14,0.87145,0.8716
1711,2023-05-09 01:14:16,0.87146,0.87161
1712,2023-05-09 01:14:18,0.87145,0.8716
1713,2023-05-09 01:14:20,0.87144,0.87159
1714,2023-05-09 01:14:21,0.87145,0.8716
1715,2023-05-09 01:14:23,0.87143,0.87158
1716,2023-05-09 01:14:24,0.87144,0.87159
1717,2023-05-09 01:14:25,0.87145,0.8716
1718,2023-05-09 01:14:25,0.87144,0.87159
1719,2023-05-09 01:14:30,0.87143,0.87158
1720,2023-05-09 01:14:34,0.87142,0.87157
1721,2023-05-09 01:14:39,0.87141,0.87156
1722,2023-05-09 01:14:41,0.8714,0.87155
1723,2023-05-09 01:14:43,0.87139,0.87154
1724,2023-05-09 01:14:44,0.8714,0.87155
1725,2023-05-09 01:14:44,0.87142,0.87157
1726,2023-05-09 01:14:45,0.87144,0.87159
1727,2023-05-09 01:14:45,0.87143,0.87158
1728,2023-05-09 01:14:46,0.87142,0.87157
1729,2023-05-09 01:14:48,0.87146,0.87161
1730,2023-05-09 01:14:50,0.87145,0.8716
1731,2023-05-09 01:14:53,0.87146,0.87161
1732,2023-05-09 01:14:55,0.87145,0.8716
1733,2023-05-09 01:14:55,0.87144,0.87159
1734,2023-05-09 01:15:00,0.87144,0.87159
1735,2023-05-09 01:15:00,0.87143,0.87158
1736,2023-05-09 01:15:00,0.87148,0.87163
1737,2023-05-09 01:15:00,0.87147,0.87162
1738,2023-05-09 01:15:02,0.87148,0.87163
1739,2023-05-09 01:15:02,0.87147,0.87162
1740,2023-05-09 01:15:04,0.87146,0.87161
1741,2023-05-09 01:15:05,0.87147,0.87162
1742,2023-05-09 01:15:06,0.87146,0.87161
1743,2023-05-09 01:15:10,0.87147,0.87162
1744,2023-05-09 01:15:14,0.87146,0.87161
1745,2023-05-09 01:15:15,0.87144,0.87159
1746,2023-05-09 01:15:19,0.87143,0.87158
1747,2023-05-09 01:15:30,0.87144,0.87159
1748,2023-05-09 01:15:36,0.87143,0.87158
1749,2023-05-09 01:15:41,0.87141,0.87156
1750,2023-05-09 01:15:41,0.87142,0.87157
1751,2023-05-09 01:15:42,0.87141,0.87156
1752,2023-05-09 01:15:43,0.8714,0.87155
1753,2023-05-09 01:15:43,0.87138,0.87153
1754,2023-05-09 01:15:43,0.8714,0.87155
1755,2023-05-09 01:15:45,0.87139,0.87154
1756,2023-05-09 01:15:47,0.8714,0.87155
1757,2023-05-09 01:15:47,0.87141,0.87156
1758,2023-05-09 01:15:49,0.87136,0.87151
1759,2023-05-09 01:15:49,0.87137,0.87152
1760,2023-05-09 01:15:56,0.87136,0.87151
1761,2023-05-09 01:15:56,0.87137,0.87152
1762,2023-05-09 01:15:56,0.87136,0.87151
1763,2023-05-09 01:15:59,0.87134,0.87149
1764,2023-05-09 01:15:59,0.87135,0.8715
1765,2023-05-09 01:15:59,0.87137,0.87152
1766,2023-05-09 01:16:00,0.87137,0.87152
1767,2023-05-09 01:16:01,0.87138,0.87153
1768,2023-05-09 01:16:02,0.87137,0.87152
1769,2023-05-09 01:16:05,0.87138,0.87153
1770,2023-05-09 01:16:05,0.87136,0.87151
1771,2023-05-09 01:16:08,0.87137,0.87152
1772,2023-05-09 01:16:18,0.87138,0.87153
1773,2023-05-09 01:16:21,0.87136,0.87151
1774,2023-05-09 01:16:23,0.87137,0.87152
1775,2023-05-09 01:16:32,0.87136,0.87151
1776,2023-05-09 01:16:39,0.87135,0.8715
1777,2023-05-09 01:16:39,0.87136,0.87151
1778,2023-05-09 01:16:40,0.87135,0.8715
1779,2023-05-09 01:16:40,0.87136,0.87151
1780,2023-05-09 01:16:41,0.87137,0.87152
1781,2023-05-09 01:16:44,0.87138,0.87153
1782,2023-05-09 01:16:47,0.87139,0.87154
1783,2023-05-09 01:16:50,0.87138,0.87153
1784,2023-05-09 01:16:55,0.87137,0.87152
1785,2023-05-09 01:16:57,0.87139,0.87154
1786,2023-05-09 01:16:59,0.87138,0.87153
1787,2023-05-09 01:17:00,0.87138,0.87153
1788,2023-05-09 01:17:03,0.87139,0.87154
1789,2023-05-09 01:17:20,0.8714,0.87155
1790,2023-05-09 01:17:35,0.87139,0.87154
1791,2023-05-09 01:17:41,0.8714,0.87155
1792,2023-05-09 01:17:50,0.87139,0.87154
1793,2023-05-09 01:17:53,0.8714,0.87155
1794,2023-05-09 01:17:59,0.87139,0.87154
1795,2023-05-09 01:18:00,0.87139,0.87154
1796,2023-05-09 01:18:04,0.8714,0.87155
1797,2023-05-09 01:18:07,0.87138,0.87153
1798,2023-05-09 01:18:09,0.87137,0.87152
1799,2023-05-09 01:18:09,0.87136,0.87151
1800,2023-05-09 01:18:11,0.87135,0.8715
1801,2023-05-09 01:18:14,0.87136,0.87151
1802,2023-05-09 01:18:14,0.87135,0.8715
1803,2023-05-09 01:18:19,0.87136,0.87151
1804,2023-05-09 01:18:20,0.87135,0.8715
1805,2023-05-09 01:18:20,0.87134,0.87149
1806,2023-05-09 01:18:26,0.87135,0.8715
1807,2023-05-09 01:18:48,0.87134,0.87149
1808,2023-05-09 01:19:02,0.87134,0.87149
1809,2023-05-09 01:19:05,0.87133,0.87148
1810,2023-05-09 01:19:09,0.87134,0.87149
1811,2023-05-09 01:19:17,0.87133,0.87148
1812,2023-05-09 01:19:18,0.87132,0.87147
1813,2023-05-09 01:19:18,0.87133,0.87148
1814,2023-05-09 01:19:27,0.87132,0.87147
1815,2023-05-09 01:19:30,0.87131,0.87146
1816,2023-05-09 01:19:43,0.87132,0.87147
1817,2023-05-09 01:19:47,0.87131,0.87146
1818,2023-05-09 01:19:48,0.87132,0.87147
1819,2023-05-09 01:19:48,0.8713,0.87145
1820,2023-05-09 01:19:49,0.87129,0.87144
1821,2023-05-09 01:19:49,0.8713,0.87145
1822,2023-05-09 01:19:52,0.87131,0.87146
1823,2023-05-09 01:19:52,0.8713,0.87145
1824,2023-05-09 01:20:00,0.87129,0.87144
1825,2023-05-09 01:20:00,0.87128,0.87143
1826,2023-05-09 01:20:03,0.87126,0.87141
1827,2023-05-09 01:20:03,0.87125,0.8714
1828,2023-05-09 01:20:04,0.87128,0.87143
1829,2023-05-09 01:20:06,0.87129,0.87144
1830,2023-05-09 01:20:11,0.87128,0.87143
1831,2023-05-09 01:20:16,0.87129,0.87144
1832,2023-05-09 01:20:17,0.8713,0.87145
1833,2023-05-09 01:20:17,0.87131,0.87146
1834,2023-05-09 01:20:18,0.87132,0.87147
1835,2023-05-09 01:20:19,0.87131,0.87146
1836,2023-05-09 01:20:19,0.87132,0.87147
1837,2023-05-09 01:20:20,0.87131,0.87146
1838,2023-05-09 01:20:21,0.8713,0.87145
1839,2023-05-09 01:20:21,0.87131,0.87146
1840,2023-05-09 01:20:23,0.8713,0.87145
1841,2023-05-09 01:20:25,0.87129,0.87144
1842,2023-05-09 01:20:26,0.87128,0.87143
1843,2023-05-09 01:20:26,0.87129,0.87144
1844,2023-05-09 01:20:33,0.87128,0.87143
1845,2023-05-09 01:20:33,0.87127,0.87142
1846,2023-05-09 01:20:34,0.87128,0.87143
1847,2023-05-09 01:20:34,0.87127,0.87142
1848,2023-05-09 01:20:34,0.87126,0.87141
1849,2023-05-09 01:20:36,0.87125,0.8714
1850,2023-05-09 01:20:41,0.87126,0.87141
1851,2023-05-09 01:20:41,0.87127,0.87142
1852,2023-05-09 01:20:56,0.87126,0.87141
1853,2023-05-09 01:20:59,0.87125,0.8714
1854,2023-05-09 01:21:00,0.87125,0.8714
1855,2023-05-09 01:21:00,0.87126,0.87141
1856,2023-05-09 01:21:01,0.87127,0.87142
1857,2023-05-09 01:21:09,0.87126,0.87141
1858,2023-05-09 01:21:17,0.87127,0.87142
1859,2023-05-09 01:21:19,0.87128,0.87143
1860,2023-05-09 01:21:21,0.87127,0.87142
1861,2023-05-09 01:21:23,0.87128,0.87143
1862,2023-05-09 01:21:25,0.87129,0.87144
1863,2023-05-09 01:21:27,0.87128,0.87143
1864,2023-05-09 01:21:31,0.87127,0.87142
1865,2023-05-09 01:21:34,0.87128,0.87143
1866,2023-05-09 01:22:00,0.87129,0.87144
1867,2023-05-09 01:22:04,0.87128,0.87143
1868,2023-05-09 01:22:11,0.87127,0.87142
1869,2023-05-09 01:22:11,0.87128,0.87143
1870,2023-05-09 01:22:15,0.87127,0.87142
1871,2023-05-09 01:22:20,0.87128,0.87143
1872,2023-05-09 01:22:20,0.87129,0.87144
1873,2023-05-09 01:23:00,0.87129,0.87144
1874,2023-05-09 01:23:01,0.8713,0.87145
1875,2023-05-09 01:23:02,0.87131,0.87146
1876,2023-05-09 01:23:07,0.8713,0.87145
1877,2023-05-09 01:23:09,0.87131,0.87146
1878,2023-05-09 01:23:16,0.87129,0.87144
1879,2023-05-09 01:23:16,0.8713,0.87145
1880,2023-05-09 01:23:19,0.87132,0.87147
1881,2023-05-09 01:23:19,0.87133,0.87148
1882,2023-05-09 01:23:21,0.87132,0.87147
1883,2023-05-09 01:23:32,0.87131,0.87146
1884,2023-05-09 01:23:33,0.87132,0.87147
1885,2023-05-09 01:23:39,0.87131,0.87146
1886,2023-05-09 01:23:41,0.8713,0.87145
1887,2023-05-09 01:23:49,0.87131,0.87146
1888,2023-05-09 01:23:50,0.87132,0.87147
1889,2023-05-09 01:23:52,0.87131,0.87146
1890,2023-05-09 01:24:00,0.87131,0.87146
1891,2023-05-09 01:24:05,0.87133,0.87148
1892,2023-05-09 01:24:05,0.87132,0.87147
1893,2023-05-09 01:24:06,0.87133,0.87148
1894,2023-05-09 01:24:06,0.87132,0.87147
1895,2023-05-09 01:24:17,0.87131,0.87146
1896,2023-05-09 01:24:34,0.87132,0.87147
1897,2023-05-09 01:24:36,0.87133,0.87148
1898,2023-05-09 01:24:41,0.87131,0.87146
1899,2023-05-09 01:24:45,0.87129,0.87144
1900,2023-05-09 01:24:46,0.87128,0.87143
1901,2023-05-09 01:24:48,0.87127,0.87142
1902,2023-05-09 01:24:48,0.87129,0.87144
1903,2023-05-09 01:24:49,0.87131,0.87146
1904,2023-05-09 01:24:49,0.8713,0.87145
1905,2023-05-09 01:24:49,0.87131,0.87146
1906,2023-05-09 01:24:58,0.87132,0.87147
1907,2023-05-09 01:25:00,0.87132,0.87147
1908,2023-05-09 01:25:00,0.87133,0.87148
1909,2023-05-09 01:25:02,0.87132,0.87147
1910,2023-05-09 01:25:08,0.87133,0.87148
1911,2023-05-09 01:25:08,0.87132,0.87147
1912,2023-05-09 01:25:08,0.87131,0.87146
1913,2023-05-09 01:25:08,0.87134,0.87149
1914,2023-05-09 01:25:11,0.87133,0.87148
1915,2023-05-09 01:25:15,0.87132,0.87147
1916,2023-05-09 01:25:15,0.87133,0.87148
1917,2023-05-09 01:25:16,0.87134,0.87149
1918,2023-05-09 01:25:18,0.87131,0.87146
1919,2023-05-09 01:25:19,0.87134,0.87149
1920,2023-05-09 01:25:32,0.87133,0.87148
1921,2023-05-09 01:25:32,0.87134,0.87149
1922,2023-05-09 01:25:35,0.87135,0.8715
1923,2023-05-09 01:25:36,0.87134,0.87149
1924,2023-05-09 01:25:36,0.87135,0.8715
1925,2023-05-09 01:25:36,0.87136,0.87151
1926,2023-05-09 01:25:48,0.87135,0.8715
1927,2023-05-09 01:25:50,0.87136,0.87151
1928,2023-05-09 01:25:52,0.87138,0.87153
1929,2023-05-09 01:25:53,0.87137,0.87152
1930,2023-05-09 01:26:00,0.87137,0.87152
1931,2023-05-09 01:26:01,0.87136,0.87151
1932,2023-05-09 01:26:03,0.87135,0.8715
1933,2023-05-09 01:26:17,0.87136,0.87151
1934,2023-05-09 01:26:18,0.87137,0.87152
1935,2023-05-09 01:26:19,0.87138,0.87153
1936,2023-05-09 01:26:21,0.87137,0.87152
1937,2023-05-09 01:26:32,0.87136,0.87151
1938,2023-05-09 01:26:46,0.87135,0.8715
1939,2023-05-09 01:26:53,0.87136,0.87151
1940,2023-05-09 01:26:53,0.87137,0.87152
1941,2023-05-09 01:26:54,0.87136,0.87151
1942,2023-05-09 01:26:54,0.87137,0.87152
1943,2023-05-09 01:26:56,0.87136,0.87151
1944,2023-05-09 01:26:56,0.87137,0.87152
1945,2023-05-09 01:26:58,0.87136,0.87151
1946,2023-05-09 01:27:00,0.87137,0.87152
1947,2023-05-09 01:27:00,0.87136,0.87151
1948,2023-05-09 01:27:01,0.87137,0.87152
1949,2023-05-09 01:27:02,0.87136,0.87151
1950,2023-05-09 01:27:07,0.87137,0.87152
1951,2023-05-09 01:27:07,0.87135,0.8715
1952,2023-05-09 01:27:09,0.87136,0.87151
1953,2023-05-09 01:27:09,0.87137,0.87152
1954,2023-05-09 01:27:14,0.87138,0.87153
1955,2023-05-09 01:27:19,0.87139,0.87154
1956,2023-05-09 01:27:23,0.87138,0.87153
1957,2023-05-09 01:27:24,0.87139,0.87154
1958,2023-05-09 01:27:24,0.87138,0.87153
1959,2023-05-09 01:27:33,0.87139,0.87154
1960,2023-05-09 01:27:34,0.87141,0.87156
1961,2023-05-09 01:27:35,0.8714,0.87155
1962,2023-05-09 01:27:38,0.87139,0.87154
1963,2023-05-09 01:27:39,0.87138,0.87153
1964,2023-05-09 01:27:40,0.87137,0.87152
1965,2023-05-09 01:27:44,0.87139,0.87154
1966,2023-05-09 01:27:47,0.87138,0.87153
1967,2023-05-09 01:27:48,0.87139,0.87154
1968,2023-05-09 01:28:00,0.87139,0.87154
1969,2023-05-09 01:28:11,0.8714,0.87155
1970,2023-05-09 01:28:13,0.87139,0.87154
1971,2023-05-09 01:28:13,0.8714,0.87155
1972,2023-05-09 01:28:14,0.87139,0.87154
1973,2023-05-09 01:28:14,0.8714,0.87155
1974,2023-05-09 01:28:15,0.87139,0.87154
1975,2023-05-09 01:28:16,0.8714,0.87155
1976,2023-05-09 01:28:17,0.87139,0.87154
1977,2023-05-09 01:28:17,0.8714,0.87155
1978,2023-05-09 01:28:18,0.87139,0.87154
1979,2023-05-09 01:28:19,0.87138,0.87153
1980,2023-05-09 01:28:27,0.8714,0.87155
1981,2023-05-09 01:28:27,0.87141,0.87156
1982,2023-05-09 01:28:55,0.87142,0.87157
1983,2023-05-09 01:28:55,0.87141,0.87156
1984,2023-05-09 01:28:58,0.87142,0.87157
1985,2023-05-09 01:29:01,0.87142,0.87157
1986,2023-05-09 01:29:01,0.87141,0.87156
1987,2023-05-09 01:29:12,0.87142,0.87157
1988,2023-05-09 01:29:13,0.87143,0.87158
1989,2023-05-09 01:29:13,0.87144,0.87159
1990,2023-05-09 01:29:14,0.87143,0.87158
1991,2023-05-09 01:29:16,0.87142,0.87157
1992,2023-05-09 01:29:18,0.87143,0.87158
1993,2023-05-09 01:29:23,0.87144,0.87159
1994,2023-05-09 01:29:23,0.87143,0.87158
1995,2023-05-09 01:29:24,0.87142,0.87157
1996,2023-05-09 01:29:25,0.87144,0.87159
1997,2023-05-09 01:29:26,0.87143,0.87158
1998,2023-05-09 01:29:26,0.87144,0.87159
1999,2023-05-09 01:29:28,0.87143,0.87158
2000,2023-05-09 01:29:31,0.87144,0.87159
2001,2023-05-09 01:29:32,0.87143,0.87158
2002,2023-05-09 01:29:32,0.87144,0.87159
2003,2023-05-09 01:29:33,0.87143,0.87158
2004,2023-05-09 01:29:33,0.87144,0.87159
2005,2023-05-09 01:29:33,0.87143,0.87158
2006,2023-05-09 01:29:34,0.87144,0.87159
2007,2023-05-09 01:29:35,0.87143,0.87158
2008,2023-05-09 01:29:35,0.87144,0.87159
2009,2023-05-09 01:29:38,0.87143,0.87158
2010,2023-05-09 01:29:38,0.87144,0.87159
2011,2023-05-09 01:29:39,0.87143,0.87158
2012,2023-05-09 01:29:39,0.87144,0.87159
2013,2023-05-09 01:29:47,0.87142,0.87157
2014,2023-05-09 01:29:47,0.87143,0.87158
2015,2023-05-09 01:29:50,0.87144,0.87159
2016,2023-05-09 01:29:54,0.87143,0.87158
2017,2023-05-09 01:29:54,0.87144,0.87159
2018,2023-05-09 01:29:57,0.87143,0.87158
2019,2023-05-09 01:30:00,0.87143,0.87158
2020,2023-05-09 01:30:01,0.87144,0.87159
2021,2023-05-09 01:30:04,0.87143,0.87158
2022,2023-05-09 01:30:04,0.87144,0.87159
2023,2023-05-09 01:30:07,0.87143,0.87158
2024,2023-05-09 01:30:08,0.87144,0.87159
2025,2023-05-09 01:30:10,0.87145,0.8716
2026,2023-05-09 01:30:11,0.87147,0.87162
2027,2023-05-09 01:30:12,0.87145,0.8716
2028,2023-05-09 01:30:14,0.87146,0.87161
2029,2023-05-09 01:30:14,0.87145,0.8716
2030,2023-05-09 01:30:15,0.87144,0.87159
2031,2023-05-09 01:30:16,0.87143,0.87158
2032,2023-05-09 01:30:16,0.87144,0.87159
2033,2023-05-09 01:30:16,0.87143,0.87158
2034,2023-05-09 01:30:17,0.87144,0.87159
2035,2023-05-09 01:30:29,0.87143,0.87158
2036,2023-05-09 01:30:43,0.87142,0.87157
2037,2023-05-09 01:30:44,0.87143,0.87158
2038,2023-05-09 01:30:46,0.87141,0.87156
2039,2023-05-09 01:30:47,0.8714,0.87155
2040,2023-05-09 01:30:48,0.87139,0.87154
2041,2023-05-09 01:30:50,0.8714,0.87155
2042,2023-05-09 01:30:54,0.87138,0.87153
2043,2023-05-09 01:30:56,0.87139,0.87154
2044,2023-05-09 01:30:57,0.8714,0.87155
2045,2023-05-09 01:30:57,0.87141,0.87156
2046,2023-05-09 01:30:57,0.8714,0.87155
2047,2023-05-09 01:31:00,0.8714,0.87155
2048,2023-05-09 01:31:01,0.87139,0.87154
2049,2023-05-09 01:31:02,0.8714,0.87155
2050,2023-05-09 01:31:04,0.87141,0.87156
2051,2023-05-09 01:31:05,0.8714,0.87155
2052,2023-05-09 01:31:05,0.87141,0.87156
2053,2023-05-09 01:31:06,0.87139,0.87154
2054,2023-05-09 01:31:06,0.87138,0.87153
2055,2023-05-09 01:31:09,0.87137,0.87152
2056,2023-05-09 01:31:10,0.87139,0.87154
2057,2023-05-09 01:31:11,0.87138,0.87153
2058,2023-05-09 01:31:12,0.87137,0.87152
2059,2023-05-09 01:31:12,0.87138,0.87153
2060,2023-05-09 01:31:13,0.87139,0.87154
2061,2023-05-09 01:31:13,0.8714,0.87155
2062,2023-05-09 01:31:13,0.87138,0.87153
2063,2023-05-09 01:31:18,0.87137,0.87152
2064,2023-05-09 01:31:18,0.87138,0.87153
2065,2023-05-09 01:31:20,0.8714,0.87155
2066,2023-05-09 01:31:22,0.87138,0.87153
2067,2023-05-09 01:31:23,0.87139,0.87154
2068,2023-05-09 01:31:32,0.87138,0.87153
2069,2023-05-09 01:31:32,0.87137,0.87152
2070,2023-05-09 01:31:32,0.87138,0.87153
2071,2023-05-09 01:31:32,0.87137,0.87152
2072,2023-05-09 01:31:38,0.87138,0.87153
2073,2023-05-09 01:31:43,0.87137,0.87152
2074,2023-05-09 01:31:44,0.87138,0.87153
2075,2023-05-09 01:31:44,0.87137,0.87152
2076,2023-05-09 01:31:53,0.87135,0.8715
2077,2023-05-09 01:31:54,0.87136,0.87151
2078,2023-05-09 01:31:54,0.87135,0.8715
2079,2023-05-09 01:31:54,0.87133,0.87148
2080,2023-05-09 01:31:54,0.87132,0.87147
2081,2023-05-09 01:31:56,0.87131,0.87146
2082,2023-05-09 01:31:59,0.87132,0.87147
2083,2023-05-09 01:32:00,0.87132,0.87147
2084,2023-05-09 01:32:02,0.87133,0.87148
2085,2023-05-09 01:32:06,0.87132,0.87147
2086,2023-05-09 01:32:26,0.8713,0.87145
2087,2023-05-09 01:32:26,0.87131,0.87146
2088,2023-05-09 01:32:26,0.87132,0.87147
2089,2023-05-09 01:32:28,0.87133,0.87148
2090,2023-05-09 01:32:33,0.87132,0.87147
2091,2023-05-09 01:32:33,0.87133,0.87148
2092,2023-05-09 01:32:36,0.87131,0.87146
2093,2023-05-09 01:32:42,0.87132,0.87147
2094,2023-05-09 01:33:00,0.87132,0.87147
2095,2023-05-09 01:33:04,0.87133,0.87148
2096,2023-05-09 01:33:10,0.87132,0.87147
2097,2023-05-09 01:33:11,0.87133,0.87148
2098,2023-05-09 01:33:12,0.87134,0.87149
2099,2023-05-09 01:33:12,0.87135,0.8715
2100,2023-05-09 01:33:16,0.87134,0.87149
2101,2023-05-09 01:33:16,0.87136,0.87151
2102,2023-05-09 01:33:17,0.87135,0.8715
2103,2023-05-09 01:33:19,0.87136,0.87151
2104,2023-05-09 01:33:20,0.87134,0.87149
2105,2023-05-09 01:33:20,0.87133,0.87148
2106,2023-05-09 01:33:21,0.87135,0.8715
2107,2023-05-09 01:33:23,0.87136,0.87151
2108,2023-05-09 01:33:23,0.87137,0.87152
2109,2023-05-09 01:33:24,0.87138,0.87153
2110,2023-05-09 01:33:24,0.87137,0.87152
2111,2023-05-09 01:33:24,0.87138,0.87153
2112,2023-05-09 01:33:28,0.87137,0.87152
2113,2023-05-09 01:33:28,0.87138,0.87153
2114,2023-05-09 01:33:30,0.87136,0.87151
2115,2023-05-09 01:33:48,0.87137,0.87152
2116,2023-05-09 01:33:49,0.87138,0.87153
2117,2023-05-09 01:33:51,0.87137,0.87152
2118,2023-05-09 01:33:54,0.87136,0.87151
2119,2023-05-09 01:33:56,0.87137,0.87152
2120,2023-05-09 01:34:01,0.87137,0.87152
2121,2023-05-09 01:34:01,0.87138,0.87153
2122,2023-05-09 01:34:01,0.87137,0.87152
2123,2023-05-09 01:34:02,0.87138,0.87153
2124,2023-05-09 01:34:13,0.87139,0.87154
2125,2023-05-09 01:34:20,0.8714,0.87155
2126,2023-05-09 01:34:21,0.87141,0.87156
2127,2023-05-09 01:34:23,0.87142,0.87157
2128,2023-05-09 01:34:24,0.8714,0.87155
2129,2023-05-09 01:34:27,0.87141,0.87156
2130,2023-05-09 01:34:28,0.87142,0.87157
2131,2023-05-09 01:34:37,0.87143,0.87158
2132,2023-05-09 01:34:41,0.87144,0.87159
2133,2023-05-09 01:34:43,0.87143,0.87158
2134,2023-05-09 01:34:43,0.87144,0.87159
2135,2023-05-09 01:34:53,0.87143,0.87158
2136,2023-05-09 01:34:53,0.87142,0.87157
2137,2023-05-09 01:34:53,0.87143,0.87158
2138,2023-05-09 01:34:56,0.87142,0.87157
2139,2023-05-09 01:34:59,0.87141,0.87156
2140,2023-05-09 01:35:00,0.87142,0.87157
2141,2023-05-09 01:35:00,0.87143,0.87158
2142,2023-05-09 01:35:01,0.87142,0.87157
2143,2023-05-09 01:35:02,0.87143,0.87158
2144,2023-05-09 01:35:03,0.87144,0.87159
2145,2023-05-09 01:35:11,0.87142,0.87157
2146,2023-05-09 01:35:13,0.87143,0.87158
2147,2023-05-09 01:35:14,0.87142,0.87157
2148,2023-05-09 01:35:16,0.87143,0.87158
2149,2023-05-09 01:35:19,0.87142,0.87157
2150,2023-05-09 01:35:25,0.87141,0.87156
2151,2023-05-09 01:35:28,0.87142,0.87157
2152,2023-05-09 01:35:32,0.87141,0.87156
2153,2023-05-09 01:35:34,0.87142,0.87157
2154,2023-05-09 01:35:36,0.87141,0.87156
2155,2023-05-09 01:35:46,0.87142,0.87157
2156,2023-05-09 01:35:46,0.87141,0.87156
2157,2023-05-09 01:35:48,0.87142,0.87157
2158,2023-05-09 01:35:53,0.87141,0.87156
2159,2023-05-09 01:36:00,0.87141,0.87156
2160,2023-05-09 01:36:01,0.8714,0.87155
2161,2023-05-09 01:36:01,0.87141,0.87156
2162,2023-05-09 01:36:11,0.8714,0.87155
2163,2023-05-09 01:36:11,0.87141,0.87156
2164,2023-05-09 01:36:14,0.8714,0.87155
2165,2023-05-09 01:36:16,0.87141,0.87156
2166,2023-05-09 01:36:22,0.87139,0.87154
2167,2023-05-09 01:36:26,0.8714,0.87155
2168,2023-05-09 01:36:32,0.87139,0.87154
2169,2023-05-09 01:36:36,0.87138,0.87153
2170,2023-05-09 01:36:37,0.87139,0.87154
2171,2023-05-09 01:36:44,0.87138,0.87153
2172,2023-05-09 01:36:45,0.87139,0.87154
2173,2023-05-09 01:36:49,0.87138,0.87153
2174,2023-05-09 01:36:50,0.87139,0.87154
2175,2023-05-09 01:36:52,0.87138,0.87153
2176,2023-05-09 01:36:53,0.87137,0.87152
2177,2023-05-09 01:36:56,0.87138,0.87153
2178,2023-05-09 01:37:00,0.87138,0.87153
2179,2023-05-09 01:37:00,0.87139,0.87154
2180,2023-05-09 01:37:02,0.87138,0.87153
2181,2023-05-09 01:37:05,0.87139,0.87154
2182,2023-05-09 01:37:09,0.8714,0.87155
2183,2023-05-09 01:37:13,0.87141,0.87156
2184,2023-05-09 01:37:13,0.8714,0.87155
2185,2023-05-09 01:37:44,0.87139,0.87154
2186,2023-05-09 01:37:46,0.87138,0.87153
2187,2023-05-09 01:37:47,0.87137,0.87152
2188,2023-05-09 01:37:47,0.87138,0.87153
2189,2023-05-09 01:37:50,0.87139,0.87154
2190,2023-05-09 01:37:51,0.87138,0.87153
2191,2023-05-09 01:37:58,0.87137,0.87152
2192,2023-05-09 01:38:00,0.87137,0.87152
2193,2023-05-09 01:38:00,0.87138,0.87153
2194,2023-05-09 01:38:05,0.87137,0.87152
2195,2023-05-09 01:38:05,0.87138,0.87153
2196,2023-05-09 01:38:17,0.87139,0.87154
2197,2023-05-09 01:38:17,0.8714,0.87155
2198,2023-05-09 01:38:19,0.87139,0.87154
2199,2023-05-09 01:38:21,0.8714,0.87155
2200,2023-05-09 01:38:30,0.87139,0.87154
2201,2023-05-09 01:38:33,0.8714,0.87155
2202,2023-05-09 01:38:38,0.87139,0.87154
2203,2023-05-09 01:38:38,0.87138,0.87153
2204,2023-05-09 01:38:39,0.87139,0.87154
2205,2023-05-09 01:38:40,0.87141,0.87156
2206,2023-05-09 01:38:42,0.87142,0.87157
2207,2023-05-09 01:38:42,0.87141,0.87156
2208,2023-05-09 01:38:43,0.87142,0.87157
2209,2023-05-09 01:38:57,0.87143,0.87158
2210,2023-05-09 01:38:58,0.87142,0.87157
2211,2023-05-09 01:39:00,0.87142,0.87157
2212,2023-05-09 01:39:05,0.87141,0.87156
2213,2023-05-09 01:39:10,0.8714,0.87155
2214,2023-05-09 01:39:12,0.87142,0.87157
2215,2023-05-09 01:39:14,0.87141,0.87156
2216,2023-05-09 01:39:19,0.87142,0.87157
2217,2023-05-09 01:39:21,0.87141,0.87156
2218,2023-05-09 01:39:21,0.8714,0.87155
2219,2023-05-09 01:39:22,0.87141,0.87156
2220,2023-05-09 01:39:27,0.87142,0.87157
2221,2023-05-09 01:39:30,0.87141,0.87156
2222,2023-05-09 01:39:46,0.8714,0.87155
2223,2023-05-09 01:39:48,0.87141,0.87156
2224,2023-05-09 01:39:51,0.8714,0.87155
2225,2023-05-09 01:40:00,0.8714,0.87155
2226,2023-05-09 01:40:01,0.87141,0.87156
2227,2023-05-09 01:40:01,0.87142,0.87157
2228,2023-05-09 01:40:01,0.87141,0.87156
2229,2023-05-09 01:40:04,0.8714,0.87155
2230,2023-05-09 01:40:11,0.87139,0.87154
2231,2023-05-09 01:40:22,0.8714,0.87155
2232,2023-05-09 01:40:22,0.87139,0.87154
2233,2023-05-09 01:40:35,0.87138,0.87153
2234,2023-05-09 01:40:43,0.87139,0.87154
2235,2023-05-09 01:40:50,0.87138,0.87153
2236,2023-05-09 01:40:59,0.87137,0.87152
2237,2023-05-09 01:41:00,0.87137,0.87152
2238,2023-05-09 01:41:00,0.87136,0.87151
2239,2023-05-09 01:41:02,0.87137,0.87152
2240,2023-05-09 01:41:02,0.87136,0.87151
2241,2023-05-09 01:41:06,0.87135,0.8715
2242,2023-05-09 01:41:10,0.87136,0.87151
2243,2023-05-09 01:41:11,0.87137,0.87152
2244,2023-05-09 01:41:12,0.87136,0.87151
2245,2023-05-09 01:41:12,0.87137,0.87152
2246,2023-05-09 01:41:13,0.87136,0.87151
2247,2023-05-09 01:41:15,0.87135,0.8715
2248,2023-05-09 01:41:17,0.87134,0.87149
2249,2023-05-09 01:41:20,0.87135,0.8715
2250,2023-05-09 01:41:30,0.87136,0.87151
2251,2023-05-09 01:41:34,0.87137,0.87152
2252,2023-05-09 01:41:35,0.87136,0.87151
2253,2023-05-09 01:41:36,0.87137,0.87152
2254,2023-05-09 01:41:38,0.87136,0.87151
2255,2023-05-09 01:41:39,0.87137,0.87152
2256,2023-05-09 01:41:42,0.87136,0.87151
2257,2023-05-09 01:41:42,0.87137,0.87152
2258,2023-05-09 01:41:44,0.87136,0.87151
2259,2023-05-09 01:41:50,0.87138,0.87153
2260,2023-05-09 01:41:50,0.87139,0.87154
2261,2023-05-09 01:41:50,0.87138,0.87153
2262,2023-05-09 01:41:51,0.87137,0.87152
2263,2023-05-09 01:41:52,0.87138,0.87153
2264,2023-05-09 01:41:55,0.87137,0.87152
2265,2023-05-09 01:41:57,0.87138,0.87153
2266,2023-05-09 01:41:59,0.87139,0.87154
2267,2023-05-09 01:42:00,0.87139,0.87154
2268,2023-05-09 01:42:01,0.87138,0.87153
2269,2023-05-09 01:42:01,0.87136,0.87151
2270,2023-05-09 01:42:02,0.87137,0.87152
2271,2023-05-09 01:42:03,0.87136,0.87151
2272,2023-05-09 01:42:04,0.87137,0.87152
2273,2023-05-09 01:42:11,0.87138,0.87153
2274,2023-05-09 01:42:12,0.87137,0.87152
2275,2023-05-09 01:42:16,0.87138,0.87153
2276,2023-05-09 01:42:17,0.87137,0.87152
2277,2023-05-09 01:42:18,0.87136,0.87151
2278,2023-05-09 01:42:19,0.87135,0.8715
2279,2023-05-09 01:42:20,0.87136,0.87151
2280,2023-05-09 01:42:22,0.87137,0.87152
2281,2023-05-09 01:42:28,0.87136,0.87151
2282,2023-05-09 01:42:30,0.87137,0.87152
2283,2023-05-09 01:42:35,0.87136,0.87151
2284,2023-05-09 01:42:40,0.87137,0.87152
2285,2023-05-09 01:42:44,0.87136,0.87151
2286,2023-05-09 01:42:47,0.87135,0.8715
2287,2023-05-09 01:42:48,0.87136,0.87151
2288,2023-05-09 01:42:48,0.87137,0.87152
2289,2023-05-09 01:42:49,0.87138,0.87153
2290,2023-05-09 01:42:52,0.87137,0.87152
2291,2023-05-09 01:43:00,0.87137,0.87152
2292,2023-05-09 01:43:01,0.87135,0.8715
2293,2023-05-09 01:43:01,0.87136,0.87151
2294,2023-05-09 01:43:05,0.87137,0.87152
2295,2023-05-09 01:43:08,0.87136,0.87151
2296,2023-05-09 01:43:23,0.87137,0.87152
2297,2023-05-09 01:43:27,0.87138,0.87153
2298,2023-05-09 01:43:27,0.87137,0.87152
2299,2023-05-09 01:43:28,0.87138,0.87153
2300,2023-05-09 01:43:29,0.87139,0.87154
2301,2023-05-09 01:43:30,0.8714,0.87155
2302,2023-05-09 01:43:31,0.87141,0.87156
2303,2023-05-09 01:43:31,0.8714,0.87155
2304,2023-05-09 01:43:34,0.87141,0.87156
2305,2023-05-09 01:43:35,0.8714,0.87155
2306,2023-05-09 01:43:37,0.87141,0.87156
2307,2023-05-09 01:43:40,0.87139,0.87154
2308,2023-05-09 01:43:40,0.87138,0.87153
2309,2023-05-09 01:43:41,0.87137,0.87152
2310,2023-05-09 01:43:41,0.87138,0.87153
2311,2023-05-09 01:43:42,0.87139,0.87154
2312,2023-05-09 01:43:48,0.87138,0.87153
2313,2023-05-09 01:43:51,0.87139,0.87154
2314,2023-05-09 01:43:51,0.87138,0.87153
2315,2023-05-09 01:43:52,0.87139,0.87154
2316,2023-05-09 01:43:55,0.8714,0.87155
2317,2023-05-09 01:43:58,0.87139,0.87154
2318,2023-05-09 01:44:00,0.87139,0.87154
2319,2023-05-09 01:44:01,0.8714,0.87155
2320,2023-05-09 01:44:01,0.87141,0.87156
2321,2023-05-09 01:44:04,0.8714,0.87155
2322,2023-05-09 01:44:06,0.87139,0.87154
2323,2023-05-09 01:44:09,0.87138,0.87153
2324,2023-05-09 01:44:10,0.87139,0.87154
2325,2023-05-09 01:44:29,0.87138,0.87153
2326,2023-05-09 01:44:37,0.87139,0.87154
2327,2023-05-09 01:44:40,0.87138,0.87153
2328,2023-05-09 01:44:40,0.87139,0.87154
2329,2023-05-09 01:44:46,0.87138,0.87153
2330,2023-05-09 01:44:52,0.8714,0.87155
2331,2023-05-09 01:44:56,0.87141,0.87156
2332,2023-05-09 01:45:00,0.87141,0.87156
2333,2023-05-09 01:45:04,0.87142,0.87157
2334,2023-05-09 01:45:04,0.87143,0.87158
2335,2023-05-09 01:45:04,0.87142,0.87157
2336,2023-05-09 01:45:13,0.87143,0.87158
2337,2023-05-09 01:45:17,0.87142,0.87157
2338,2023-05-09 01:45:18,0.87141,0.87156
2339,2023-05-09 01:45:29,0.8714,0.87155
2340,2023-05-09 01:45:29,0.87139,0.87154
2341,2023-05-09 01:45:31,0.8714,0.87155
2342,2023-05-09 01:45:32,0.87139,0.87154
2343,2023-05-09 01:45:33,0.8714,0.87155
2344,2023-05-09 01:45:36,0.87139,0.87154
2345,2023-05-09 01:45:46,0.87138,0.87153
2346,2023-05-09 01:45:49,0.87139,0.87154
2347,2023-05-09 01:45:50,0.87138,0.87153
2348,2023-05-09 01:45:58,0.87139,0.87154
2349,2023-05-09 01:45:58,0.8714,0.87155
2350,2023-05-09 01:46:00,0.87138,0.87153
2351,2023-05-09 01:46:00,0.87137,0.87152
2352,2023-05-09 01:46:05,0.87138,0.87153
2353,2023-05-09 01:46:12,0.87139,0.87154
2354,2023-05-09 01:46:12,0.8714,0.87155
2355,2023-05-09 01:46:13,0.87139,0.87154
2356,2023-05-09 01:46:14,0.87138,0.87153
2357,2023-05-09 01:46:14,0.87136,0.87151
2358,2023-05-09 01:46:15,0.87135,0.8715
2359,2023-05-09 01:46:18,0.87134,0.87149
2360,2023-05-09 01:46:20,0.87135,0.8715
2361,2023-05-09 01:46:26,0.87136,0.87151
2362,2023-05-09 01:46:27,0.87137,0.87152
2363,2023-05-09 01:46:27,0.87138,0.87153
2364,2023-05-09 01:46:29,0.87139,0.87154
2365,2023-05-09 01:46:29,0.8714,0.87155
2366,2023-05-09 01:46:29,0.87139,0.87154
2367,2023-05-09 01:46:37,0.87138,0.87153
2368,2023-05-09 01:46:43,0.87139,0.87154
2369,2023-05-09 01:46:47,0.87138,0.87153
2370,2023-05-09 01:46:49,0.87137,0.87152
2371,2023-05-09 01:46:50,0.87138,0.87153
2372,2023-05-09 01:46:50,0.8714,0.87155
2373,2023-05-09 01:46:51,0.87139,0.87154
2374,2023-05-09 01:46:52,0.8714,0.87155
2375,2023-05-09 01:46:58,0.87141,0.87156
2376,2023-05-09 01:47:00,0.87141,0.87156
2377,2023-05-09 01:47:00,0.87142,0.87157
2378,2023-05-09 01:47:01,0.87141,0.87156
2379,2023-05-09 01:47:02,0.8714,0.87155
2380,2023-05-09 01:47:03,0.87139,0.87154
2381,2023-05-09 01:47:09,0.8714,0.87155
2382,2023-05-09 01:47:09,0.87141,0.87156
2383,2023-05-09 01:47:15,0.87137,0.87152
2384,2023-05-09 01:47:15,0.8714,0.87155
2385,2023-05-09 01:47:15,0.87141,0.87156
2386,2023-05-09 01:47:15,0.8714,0.87155
2387,2023-05-09 01:47:21,0.87141,0.87156
2388,2023-05-09 01:47:25,0.8714,0.87155
2389,2023-05-09 01:47:27,0.87139,0.87154
2390,2023-05-09 01:47:28,0.87138,0.87153
2391,2023-05-09 01:47:30,0.87139,0.87154
2392,2023-05-09 01:47:30,0.8714,0.87155
2393,2023-05-09 01:47:31,0.87139,0.87154
2394,2023-05-09 01:47:34,0.8714,0.87155
2395,2023-05-09 01:47:37,0.87138,0.87153
2396,2023-05-09 01:47:50,0.87137,0.87152
2397,2023-05-09 01:47:53,0.87138,0.87153
2398,2023-05-09 01:47:53,0.87139,0.87154
2399,2023-05-09 01:47:55,0.8714,0.87155
2400,2023-05-09 01:47:57,0.87138,0.87153
2401,2023-05-09 01:47:57,0.87139,0.87154
2402,2023-05-09 01:48:00,0.87139,0.87154
2403,2023-05-09 01:48:12,0.8714,0.87155
2404,2023-05-09 01:48:14,0.87139,0.87154
2405,2023-05-09 01:48:17,0.8714,0.87155
2406,2023-05-09 01:48:35,0.87139,0.87154
2407,2023-05-09 01:48:37,0.87138,0.87153
2408,2023-05-09 01:48:43,0.87139,0.87154
2409,2023-05-09 01:48:47,0.87138,0.87153
2410,2023-05-09 01:48:52,0.87137,0.87152
2411,2023-05-09 01:49:00,0.87137,0.87152
2412,2023-05-09 01:49:15,0.87138,0.87153
2413,2023-05-09 01:49:18,0.87137,0.87152
2414,2023-05-09 01:49:19,0.87136,0.87151
2415,2023-05-09 01:49:20,0.87135,0.8715
2416,2023-05-09 01:49:21,0.87136,0.87151
2417,2023-05-09 01:49:22,0.87135,0.8715
2418,2023-05-09 01:49:23,0.87136,0.87151
2419,2023-05-09 01:49:30,0.87135,0.8715
2420,2023-05-09 01:49:30,0.87136,0.87151
2421,2023-05-09 01:49:36,0.87135,0.8715
2422,2023-05-09 01:49:36,0.87136,0.87151
2423,2023-05-09 01:49:37,0.87137,0.87152
2424,2023-05-09 01:49:39,0.87138,0.87153
2425,2023-05-09 01:49:39,0.87137,0.87152
2426,2023-05-09 01:49:45,0.87136,0.87151
2427,2023-05-09 01:49:47,0.87135,0.8715
2428,2023-05-09 01:49:52,0.87134,0.87149
2429,2023-05-09 01:49:55,0.87135,0.8715
2430,2023-05-09 01:49:55,0.87134,0.87149
2431,2023-05-09 01:49:56,0.87133,0.87148
2432,2023-05-09 01:49:57,0.87132,0.87147
2433,2023-05-09 01:49:58,0.87135,0.8715
2434,2023-05-09 01:49:58,0.87134,0.87149
2435,2023-05-09 01:49:59,0.87135,0.8715
2436,2023-05-09 01:50:00,0.87135,0.8715
2437,2023-05-09 01:50:00,0.87133,0.87148
2438,2023-05-09 01:50:03,0.87134,0.87149
2439,2023-05-09 01:50:11,0.87133,0.87148
2440,2023-05-09 01:50:15,0.87134,0.87149
2441,2023-05-09 01:50:16,0.87133,0.87148
2442,2023-05-09 01:50:19,0.87134,0.87149
2443,2023-05-09 01:50:32,0.87135,0.8715
2444,2023-05-09 01:50:52,0.87137,0.87152
2445,2023-05-09 01:50:54,0.87138,0.87153
2446,2023-05-09 01:51:00,0.87138,0.87153
2447,2023-05-09 01:51:01,0.8714,0.87155
2448,2023-05-09 01:51:01,0.87141,0.87156
2449,2023-05-09 01:51:02,0.8714,0.87155
2450,2023-05-09 01:51:03,0.87141,0.87156
2451,2023-05-09 01:51:12,0.8714,0.87155
2452,2023-05-09 01:51:17,0.87141,0.87156
2453,2023-05-09 01:51:17,0.8714,0.87155
2454,2023-05-09 01:51:17,0.87139,0.87154
2455,2023-05-09 01:51:31,0.8714,0.87155
2456,2023-05-09 01:51:31,0.87139,0.87154
2457,2023-05-09 01:51:42,0.8714,0.87155
2458,2023-05-09 01:52:00,0.8714,0.87155
2459,2023-05-09 01:52:29,0.87141,0.87156
2460,2023-05-09 01:52:30,0.8714,0.87155
2461,2023-05-09 01:52:30,0.87141,0.87156
2462,2023-05-09 01:52:35,0.8714,0.87155
2463,2023-05-09 01:52:38,0.87141,0.87156
2464,2023-05-09 01:52:51,0.8714,0.87155
2465,2023-05-09 01:52:53,0.87138,0.87153
2466,2023-05-09 01:52:56,0.87139,0.87154
2467,2023-05-09 01:52:57,0.87138,0.87153
2468,2023-05-09 01:52:57,0.87139,0.87154
2469,2023-05-09 01:52:58,0.8714,0.87155
2470,2023-05-09 01:53:00,0.8714,0.87155
2471,2023-05-09 01:53:00,0.87139,0.87154
2472,2023-05-09 01:53:13,0.87138,0.87153
2473,2023-05-09 01:53:13,0.87139,0.87154
2474,2023-05-09 01:53:13,0.87138,0.87153
2475,2023-05-09 01:53:19,0.87139,0.87154
