,time,bid,ask
0,2023-05-09 00:00:00,148.541,148.559
1,2023-05-09 00:00:00,148.537,148.555
2,2023-05-09 00:00:01,148.536,148.554
3,2023-05-09 00:00:01,148.535,148.553
4,2023-05-09 00:00:01,148.536,148.554
5,2023-05-09 00:00:01,148.538,148.556
6,2023-05-09 00:00:02,148.535,148.553
7,2023-05-09 00:00:02,148.532,148.55
8,2023-05-09 00:00:02,148.531,148.549
9,2023-05-09 00:00:03,148.53,148.548
10,2023-05-09 00:00:05,148.529,148.547
11,2023-05-09 00:00:05,148.53,148.548
12,2023-05-09 00:00:06,148.532,148.55
13,2023-05-09 00:00:08,148.536,148.554
14,2023-05-09 00:00:09,148.538,148.556
15,2023-05-09 00:00:09,148.546,148.564
16,2023-05-09 00:00:10,148.549,148.567
17,2023-05-09 00:00:10,148.547,148.565
18,2023-05-09 00:00:10,148.548,148.566
19,2023-05-09 00:00:11,148.549,148.567
20,2023-05-09 00:00:11,148.552,148.57
21,2023-05-09 00:00:12,148.547,148.565
22,2023-05-09 00:00:12,148.546,148.564
23,2023-05-09 00:00:12,148.555,148.573
24,2023-05-09 00:00:13,148.556,148.574
25,2023-05-09 00:00:16,148.558,148.576
26,2023-05-09 00:00:16,148.557,148.575
27,2023-05-09 00:00:18,148.558,148.576
28,2023-05-09 00:00:18,148.557,148.575
29,2023-05-09 00:00:18,148.558,148.576
30,2023-05-09 00:00:19,148.56,148.578
31,2023-05-09 00:00:20,148.559,148.577
32,2023-05-09 00:00:20,148.561,148.579
33,2023-05-09 00:00:21,148.559,148.577
34,2023-05-09 00:00:21,148.558,148.576
35,2023-05-09 00:00:22,148.559,148.577
36,2023-05-09 00:00:23,148.558,148.576
37,2023-05-09 00:00:23,148.559,148.577
38,2023-05-09 00:00:25,148.56,148.578
39,2023-05-09 00:00:25,148.561,148.579
40,2023-05-09 00:00:26,148.562,148.58
41,2023-05-09 00:00:30,148.563,148.581
42,2023-05-09 00:00:31,148.578,148.596
43,2023-05-09 00:00:31,148.591,148.609
44,2023-05-09 00:00:32,148.593,148.611
45,2023-05-09 00:00:33,148.59,148.608
46,2023-05-09 00:00:33,148.589,148.607
47,2023-05-09 00:00:34,148.587,148.605
48,2023-05-09 00:00:36,148.584,148.602
49,2023-05-09 00:00:36,148.574,148.592
50,2023-05-09 00:00:36,148.573,148.591
51,2023-05-09 00:00:38,148.575,148.593
52,2023-05-09 00:00:39,148.573,148.591
53,2023-05-09 00:00:40,148.57,148.588
54,2023-05-09 00:00:41,148.568,148.586
55,2023-05-09 00:00:42,148.565,148.583
56,2023-05-09 00:00:42,148.564,148.582
57,2023-05-09 00:00:43,148.566,148.584
58,2023-05-09 00:00:44,148.56,148.578
59,2023-05-09 00:00:44,148.562,148.58
60,2023-05-09 00:00:44,148.563,148.581
61,2023-05-09 00:00:45,148.562,148.58
62,2023-05-09 00:00:46,148.565,148.583
63,2023-05-09 00:00:46,148.567,148.585
64,2023-05-09 00:00:47,148.564,148.582
65,2023-05-09 00:00:47,148.569,148.587
66,2023-05-09 00:00:47,148.572,148.59
67,2023-05-09 00:00:48,148.571,148.589
68,2023-05-09 00:00:48,148.573,148.591
69,2023-05-09 00:00:48,148.57,148.588
70,2023-05-09 00:00:49,148.572,148.59
71,2023-05-09 00:00:49,148.569,148.587
72,2023-05-09 00:00:51,148.571,148.589
73,2023-05-09 00:00:51,148.576,148.594
74,2023-05-09 00:00:51,148.578,148.596
75,2023-05-09 00:00:51,148.583,148.601
76,2023-05-09 00:00:52,148.585,148.603
77,2023-05-09 00:00:53,148.584,148.602
78,2023-05-09 00:00:53,148.579,148.597
79,2023-05-09 00:00:54,148.578,148.596
80,2023-05-09 00:00:55,148.582,148.6
81,2023-05-09 00:00:55,148.585,148.603
82,2023-05-09 00:00:55,148.584,148.602
83,2023-05-09 00:00:56,148.586,148.604
84,2023-05-09 00:00:56,148.584,148.602
85,2023-05-09 00:00:57,148.586,148.604
86,2023-05-09 00:00:57,148.589,148.607
87,2023-05-09 00:00:57,148.587,148.605
88,2023-05-09 00:00:58,148.586,148.604
89,2023-05-09 00:00:59,148.585,148.603
90,2023-05-09 00:00:59,148.586,148.604
91,2023-05-09 00:01:00,148.586,148.604
92,2023-05-09 00:01:00,148.593,148.611
93,2023-05-09 00:01:00,148.598,148.616
94,2023-05-09 00:01:00,148.605,148.623
95,2023-05-09 00:01:01,148.603,148.621
96,2023-05-09 00:01:01,148.601,148.619
97,2023-05-09 00:01:02,148.602,148.62
98,2023-05-09 00:01:02,148.6,148.618
99,2023-05-09 00:01:03,148.605,148.623
100,2023-05-09 00:01:04,148.604,148.622
101,2023-05-09 00:01:04,148.605,148.623
102,2023-05-09 00:01:05,148.603,148.621
103,2023-05-09 00:01:05,148.604,148.622
104,2023-05-09 00:01:05,148.603,148.621
105,2023-05-09 00:01:06,148.608,148.626
106,2023-05-09 00:01:06,148.61,148.628
107,2023-05-09 00:01:07,148.611,148.629
108,2023-05-09 00:01:08,148.61,148.628
109,2023-05-09 00:01:09,148.609,148.627
110,2023-05-09 00:01:09,148.607,148.625
111,2023-05-09 00:01:10,148.6,148.618
112,2023-05-09 00:01:10,148.598,148.616
113,2023-05-09 00:01:11,148.594,148.612
114,2023-05-09 00:01:11,148.595,148.613
115,2023-05-09 00:01:11,148.597,148.615
116,2023-05-09 00:01:12,148.598,148.616
117,2023-05-09 00:01:13,148.599,148.617
118,2023-05-09 00:01:14,148.6,148.618
119,2023-05-09 00:01:14,148.599,148.617
120,2023-05-09 00:01:14,148.6,148.618
121,2023-05-09 00:01:14,148.596,148.614
122,2023-05-09 00:01:15,148.598,148.616
123,2023-05-09 00:01:15,148.597,148.615
124,2023-05-09 00:01:16,148.598,148.616
125,2023-05-09 00:01:17,148.593,148.611
126,2023-05-09 00:01:17,148.592,148.61
127,2023-05-09 00:01:17,148.593,148.611
128,2023-05-09 00:01:18,148.592,148.61
129,2023-05-09 00:01:19,148.59,148.608
130,2023-05-09 00:01:20,148.599,148.617
131,2023-05-09 00:01:20,148.606,148.624
132,2023-05-09 00:01:20,148.609,148.627
133,2023-05-09 00:01:20,148.61,148.628
134,2023-05-09 00:01:21,148.609,148.627
135,2023-05-09 00:01:22,148.61,148.628
136,2023-05-09 00:01:22,148.609,148.627
137,2023-05-09 00:01:23,148.61,148.628
138,2023-05-09 00:01:24,148.611,148.629
139,2023-05-09 00:01:24,148.608,148.626
140,2023-05-09 00:01:25,148.609,148.627
141,2023-05-09 00:01:26,148.608,148.626
142,2023-05-09 00:01:26,148.609,148.627
143,2023-05-09 00:01:27,148.608,148.626
144,2023-05-09 00:01:29,148.607,148.625
145,2023-05-09 00:01:29,148.606,148.624
146,2023-05-09 00:01:30,148.607,148.625
147,2023-05-09 00:01:31,148.613,148.631
148,2023-05-09 00:01:31,148.612,148.63
149,2023-05-09 00:01:32,148.611,148.629
150,2023-05-09 00:01:32,148.61,148.628
151,2023-05-09 00:01:32,148.617,148.635
152,2023-05-09 00:01:32,148.616,148.634
153,2023-05-09 00:01:33,148.614,148.632
154,2023-05-09 00:01:33,148.615,148.633
155,2023-05-09 00:01:34,148.617,148.635
156,2023-05-09 00:01:34,148.619,148.637
157,2023-05-09 00:01:37,148.617,148.635
158,2023-05-09 00:01:40,148.615,148.633
159,2023-05-09 00:01:41,148.608,148.626
160,2023-05-09 00:01:41,148.607,148.625
161,2023-05-09 00:01:42,148.608,148.626
162,2023-05-09 00:01:43,148.607,148.625
163,2023-05-09 00:01:43,148.604,148.622
164,2023-05-09 00:01:43,148.605,148.623
165,2023-05-09 00:01:43,148.609,148.627
166,2023-05-09 00:01:44,148.61,148.628
167,2023-05-09 00:01:44,148.609,148.627
168,2023-05-09 00:01:45,148.607,148.625
169,2023-05-09 00:01:46,148.608,148.626
170,2023-05-09 00:01:47,148.606,148.624
171,2023-05-09 00:01:48,148.601,148.619
172,2023-05-09 00:01:48,148.602,148.62
173,2023-05-09 00:01:48,148.587,148.605
174,2023-05-09 00:01:48,148.591,148.609
175,2023-05-09 00:01:49,148.59,148.608
176,2023-05-09 00:01:49,148.593,148.611
177,2023-05-09 00:01:50,148.589,148.607
178,2023-05-09 00:01:50,148.586,148.604
179,2023-05-09 00:01:50,148.583,148.601
180,2023-05-09 00:01:50,148.58,148.598
181,2023-05-09 00:01:51,148.578,148.596
182,2023-05-09 00:01:51,148.577,148.595
183,2023-05-09 00:01:51,148.578,148.596
184,2023-05-09 00:01:52,148.582,148.6
185,2023-05-09 00:01:52,148.58,148.598
186,2023-05-09 00:01:52,148.581,148.599
187,2023-05-09 00:01:53,148.578,148.596
188,2023-05-09 00:01:53,148.577,148.595
189,2023-05-09 00:01:53,148.58,148.598
190,2023-05-09 00:01:54,148.577,148.595
191,2023-05-09 00:01:54,148.581,148.599
192,2023-05-09 00:01:55,148.582,148.6
193,2023-05-09 00:01:56,148.583,148.601
194,2023-05-09 00:01:57,148.582,148.6
195,2023-05-09 00:01:58,148.587,148.605
196,2023-05-09 00:01:59,148.585,148.603
197,2023-05-09 00:02:00,148.579,148.597
198,2023-05-09 00:02:00,148.58,148.598
199,2023-05-09 00:02:00,148.581,148.599
200,2023-05-09 00:02:00,148.582,148.6
201,2023-05-09 00:02:01,148.585,148.603
202,2023-05-09 00:02:01,148.586,148.604
203,2023-05-09 00:02:02,148.585,148.603
204,2023-05-09 00:02:04,148.586,148.604
205,2023-05-09 00:02:05,148.585,148.603
206,2023-05-09 00:02:06,148.586,148.604
207,2023-05-09 00:02:06,148.583,148.601
208,2023-05-09 00:02:08,148.584,148.602
209,2023-05-09 00:02:09,148.594,148.612
210,2023-05-09 00:02:09,148.587,148.605
211,2023-05-09 00:02:10,148.588,148.606
212,2023-05-09 00:02:10,148.587,148.605
213,2023-05-09 00:02:11,148.586,148.604
214,2023-05-09 00:02:11,148.588,148.606
215,2023-05-09 00:02:11,148.587,148.605
216,2023-05-09 00:02:11,148.588,148.606
217,2023-05-09 00:02:12,148.589,148.607
218,2023-05-09 00:02:13,148.59,148.608
219,2023-05-09 00:02:14,148.586,148.604
220,2023-05-09 00:02:14,148.585,148.603
221,2023-05-09 00:02:15,148.589,148.607
222,2023-05-09 00:02:15,148.585,148.603
223,2023-05-09 00:02:16,148.583,148.601
224,2023-05-09 00:02:17,148.584,148.602
225,2023-05-09 00:02:17,148.585,148.603
226,2023-05-09 00:02:18,148.586,148.604
227,2023-05-09 00:02:18,148.587,148.605
228,2023-05-09 00:02:20,148.588,148.606
229,2023-05-09 00:02:21,148.587,148.605
230,2023-05-09 00:02:21,148.589,148.607
231,2023-05-09 00:02:23,148.588,148.606
232,2023-05-09 00:02:24,148.585,148.603
233,2023-05-09 00:02:24,148.586,148.604
234,2023-05-09 00:02:25,148.587,148.605
235,2023-05-09 00:02:26,148.585,148.603
236,2023-05-09 00:02:26,148.584,148.602
237,2023-05-09 00:02:26,148.585,148.603
238,2023-05-09 00:02:27,148.586,148.604
239,2023-05-09 00:02:27,148.585,148.603
240,2023-05-09 00:02:27,148.586,148.604
241,2023-05-09 00:02:28,148.585,148.603
242,2023-05-09 00:02:28,148.586,148.604
243,2023-05-09 00:02:28,148.581,148.599
244,2023-05-09 00:02:29,148.582,148.6
245,2023-05-09 00:02:29,148.58,148.598
246,2023-05-09 00:02:29,148.585,148.603
247,2023-05-09 00:02:29,148.586,148.604
248,2023-05-09 00:02:31,148.587,148.605
249,2023-05-09 00:02:31,148.586,148.604
250,2023-05-09 00:02:32,148.587,148.605
251,2023-05-09 00:02:32,148.586,148.604
252,2023-05-09 00:02:33,148.585,148.603
253,2023-05-09 00:02:33,148.583,148.601
254,2023-05-09 00:02:34,148.582,148.6
255,2023-05-09 00:02:34,148.581,148.599
256,2023-05-09 00:02:36,148.582,148.6
257,2023-05-09 00:02:37,148.581,148.599
258,2023-05-09 00:02:37,148.599,148.617
259,2023-05-09 00:02:37,148.602,148.62
260,2023-05-09 00:02:38,148.601,148.619
261,2023-05-09 00:02:38,148.602,148.62
262,2023-05-09 00:02:38,148.601,148.619
263,2023-05-09 00:02:39,148.595,148.613
264,2023-05-09 00:02:42,148.592,148.61
265,2023-05-09 00:02:42,148.591,148.609
266,2023-05-09 00:02:43,148.592,148.61
267,2023-05-09 00:02:44,148.598,148.616
268,2023-05-09 00:02:44,148.593,148.611
269,2023-05-09 00:02:44,148.592,148.61
270,2023-05-09 00:02:46,148.59,148.608
271,2023-05-09 00:02:46,148.592,148.61
272,2023-05-09 00:02:47,148.589,148.607
273,2023-05-09 00:02:48,148.59,148.608
274,2023-05-09 00:02:48,148.589,148.607
275,2023-05-09 00:02:53,148.588,148.606
276,2023-05-09 00:02:53,148.587,148.605
277,2023-05-09 00:02:53,148.588,148.606
278,2023-05-09 00:02:53,148.581,148.599
279,2023-05-09 00:02:54,148.57,148.588
280,2023-05-09 00:02:54,148.568,148.586
281,2023-05-09 00:02:54,148.565,148.583
282,2023-05-09 00:02:55,148.566,148.584
283,2023-05-09 00:02:56,148.567,148.585
284,2023-05-09 00:03:00,148.575,148.593
285,2023-05-09 00:03:01,148.573,148.591
286,2023-05-09 00:03:03,148.572,148.59
287,2023-05-09 00:03:04,148.573,148.591
288,2023-05-09 00:03:05,148.574,148.592
289,2023-05-09 00:03:06,148.575,148.593
290,2023-05-09 00:03:07,148.576,148.594
291,2023-05-09 00:03:08,148.58,148.598
292,2023-05-09 00:03:09,148.582,148.6
293,2023-05-09 00:03:10,148.581,148.599
294,2023-05-09 00:03:12,148.582,148.6
295,2023-05-09 00:03:13,148.576,148.594
296,2023-05-09 00:03:14,148.577,148.595
297,2023-05-09 00:03:16,148.567,148.585
298,2023-05-09 00:03:16,148.568,148.586
299,2023-05-09 00:03:16,148.567,148.585
300,2023-05-09 00:03:17,148.568,148.586
301,2023-05-09 00:03:17,148.573,148.591
302,2023-05-09 00:03:18,148.572,148.59
303,2023-05-09 00:03:21,148.569,148.587
304,2023-05-09 00:03:22,148.577,148.595
305,2023-05-09 00:03:22,148.576,148.594
306,2023-05-09 00:03:22,148.575,148.593
307,2023-05-09 00:03:23,148.576,148.594
308,2023-05-09 00:03:24,148.57,148.588
309,2023-05-09 00:03:26,148.571,148.589
310,2023-05-09 00:03:28,148.57,148.588
311,2023-05-09 00:03:28,148.569,148.587
312,2023-05-09 00:03:29,148.57,148.588
313,2023-05-09 00:03:30,148.571,148.589
314,2023-05-09 00:03:30,148.566,148.584
315,2023-05-09 00:03:30,148.568,148.586
316,2023-05-09 00:03:31,148.566,148.584
317,2023-05-09 00:03:35,148.568,148.586
318,2023-05-09 00:03:35,148.566,148.584
319,2023-05-09 00:03:41,148.565,148.583
320,2023-05-09 00:03:43,148.566,148.584
321,2023-05-09 00:03:44,148.57,148.588
322,2023-05-09 00:03:45,148.571,148.589
323,2023-05-09 00:03:45,148.57,148.588
324,2023-05-09 00:03:47,148.569,148.587
325,2023-05-09 00:03:47,148.57,148.588
326,2023-05-09 00:03:49,148.569,148.587
327,2023-05-09 00:03:49,148.568,148.586
328,2023-05-09 00:03:50,148.569,148.587
329,2023-05-09 00:03:50,148.563,148.581
330,2023-05-09 00:03:51,148.564,148.582
331,2023-05-09 00:03:52,148.567,148.585
332,2023-05-09 00:03:52,148.565,148.583
333,2023-05-09 00:03:53,148.576,148.594
334,2023-05-09 00:03:53,148.577,148.595
335,2023-05-09 00:03:53,148.579,148.597
336,2023-05-09 00:03:53,148.581,148.599
337,2023-05-09 00:03:54,148.58,148.598
338,2023-05-09 00:03:55,148.579,148.597
339,2023-05-09 00:03:55,148.576,148.594
340,2023-05-09 00:03:55,148.574,148.592
341,2023-05-09 00:03:55,148.572,148.59
342,2023-05-09 00:03:56,148.574,148.592
343,2023-05-09 00:03:56,148.566,148.584
344,2023-05-09 00:03:58,148.562,148.58
345,2023-05-09 00:03:58,148.561,148.579
346,2023-05-09 00:04:00,148.561,148.579
347,2023-05-09 00:04:02,148.569,148.587
348,2023-05-09 00:04:03,148.577,148.595
349,2023-05-09 00:04:03,148.578,148.596
350,2023-05-09 00:04:04,148.574,148.592
351,2023-05-09 00:04:04,148.573,148.591
352,2023-05-09 00:04:05,148.572,148.59
353,2023-05-09 00:04:06,148.571,148.589
354,2023-05-09 00:04:12,148.578,148.596
355,2023-05-09 00:04:12,148.58,148.598
356,2023-05-09 00:04:13,148.579,148.597
357,2023-05-09 00:04:13,148.581,148.599
358,2023-05-09 00:04:15,148.579,148.597
359,2023-05-09 00:04:15,148.573,148.591
360,2023-05-09 00:04:16,148.569,148.587
361,2023-05-09 00:04:16,148.563,148.581
362,2023-05-09 00:04:16,148.562,148.58
363,2023-05-09 00:04:17,148.563,148.581
364,2023-05-09 00:04:18,148.564,148.582
365,2023-05-09 00:04:18,148.565,148.583
366,2023-05-09 00:04:19,148.563,148.581
367,2023-05-09 00:04:21,148.564,148.582
368,2023-05-09 00:04:23,148.565,148.583
369,2023-05-09 00:04:25,148.564,148.582
370,2023-05-09 00:04:25,148.563,148.581
371,2023-05-09 00:04:26,148.562,148.58
372,2023-05-09 00:04:28,148.563,148.581
373,2023-05-09 00:04:29,148.558,148.576
374,2023-05-09 00:04:29,148.556,148.574
375,2023-05-09 00:04:30,148.555,148.573
376,2023-05-09 00:04:31,148.559,148.577
377,2023-05-09 00:04:31,148.56,148.578
378,2023-05-09 00:04:32,148.563,148.581
379,2023-05-09 00:04:32,148.561,148.579
380,2023-05-09 00:04:32,148.562,148.58
381,2023-05-09 00:04:34,148.563,148.581
382,2023-05-09 00:04:34,148.564,148.582
383,2023-05-09 00:04:35,148.563,148.581
384,2023-05-09 00:04:36,148.56,148.578
385,2023-05-09 00:04:37,148.562,148.58
386,2023-05-09 00:04:38,148.56,148.578
387,2023-05-09 00:04:40,148.569,148.587
388,2023-05-09 00:04:41,148.574,148.592
389,2023-05-09 00:04:42,148.575,148.593
390,2023-05-09 00:04:42,148.574,148.592
391,2023-05-09 00:04:44,148.576,148.594
392,2023-05-09 00:04:47,148.585,148.603
393,2023-05-09 00:04:47,148.587,148.605
394,2023-05-09 00:04:47,148.579,148.597
395,2023-05-09 00:04:48,148.58,148.598
396,2023-05-09 00:04:48,148.579,148.597
397,2023-05-09 00:04:48,148.577,148.595
398,2023-05-09 00:04:50,148.576,148.594
399,2023-05-09 00:04:50,148.577,148.595
400,2023-05-09 00:04:51,148.575,148.593
401,2023-05-09 00:04:53,148.576,148.594
402,2023-05-09 00:04:53,148.577,148.595
403,2023-05-09 00:04:54,148.583,148.601
404,2023-05-09 00:04:58,148.584,148.602
405,2023-05-09 00:04:59,148.585,148.603
406,2023-05-09 00:05:00,148.584,148.602
407,2023-05-09 00:05:02,148.583,148.601
408,2023-05-09 00:05:02,148.584,148.602
409,2023-05-09 00:05:05,148.583,148.601
410,2023-05-09 00:05:05,148.576,148.594
411,2023-05-09 00:05:06,148.577,148.595
412,2023-05-09 00:05:06,148.584,148.602
413,2023-05-09 00:05:07,148.581,148.599
414,2023-05-09 00:05:07,148.584,148.602
415,2023-05-09 00:05:07,148.582,148.6
416,2023-05-09 00:05:08,148.58,148.598
417,2023-05-09 00:05:08,148.582,148.6
418,2023-05-09 00:05:09,148.578,148.596
419,2023-05-09 00:05:09,148.577,148.595
420,2023-05-09 00:05:10,148.578,148.596
421,2023-05-09 00:05:11,148.577,148.595
422,2023-05-09 00:05:11,148.583,148.601
423,2023-05-09 00:05:12,148.584,148.602
424,2023-05-09 00:05:12,148.583,148.601
425,2023-05-09 00:05:12,148.585,148.603
426,2023-05-09 00:05:12,148.586,148.604
427,2023-05-09 00:05:13,148.587,148.605
428,2023-05-09 00:05:13,148.586,148.604
429,2023-05-09 00:05:14,148.587,148.605
430,2023-05-09 00:05:14,148.586,148.604
431,2023-05-09 00:05:14,148.587,148.605
432,2023-05-09 00:05:15,148.586,148.604
433,2023-05-09 00:05:15,148.584,148.602
434,2023-05-09 00:05:15,148.586,148.604
435,2023-05-09 00:05:16,148.584,148.602
436,2023-05-09 00:05:17,148.595,148.613
437,2023-05-09 00:05:18,148.601,148.619
438,2023-05-09 00:05:18,148.605,148.623
439,2023-05-09 00:05:18,148.606,148.624
440,2023-05-09 00:05:19,148.605,148.623
441,2023-05-09 00:05:20,148.607,148.625
442,2023-05-09 00:05:21,148.608,148.626
443,2023-05-09 00:05:21,148.61,148.628
444,2023-05-09 00:05:22,148.611,148.629
445,2023-05-09 00:05:22,148.61,148.628
446,2023-05-09 00:05:22,148.607,148.625
447,2023-05-09 00:05:23,148.606,148.624
448,2023-05-09 00:05:23,148.605,148.623
449,2023-05-09 00:05:25,148.599,148.617
450,2023-05-09 00:05:25,148.597,148.615
451,2023-05-09 00:05:25,148.598,148.616
452,2023-05-09 00:05:26,148.596,148.614
453,2023-05-09 00:05:26,148.595,148.613
454,2023-05-09 00:05:26,148.596,148.614
455,2023-05-09 00:05:27,148.599,148.617
456,2023-05-09 00:05:27,148.6,148.618
457,2023-05-09 00:05:28,148.592,148.61
458,2023-05-09 00:05:28,148.593,148.611
459,2023-05-09 00:05:29,148.598,148.616
460,2023-05-09 00:05:30,148.596,148.614
461,2023-05-09 00:05:30,148.597,148.615
462,2023-05-09 00:05:31,148.596,148.614
463,2023-05-09 00:05:31,148.597,148.615
464,2023-05-09 00:05:32,148.6,148.618
465,2023-05-09 00:05:32,148.606,148.624
466,2023-05-09 00:05:32,148.601,148.619
467,2023-05-09 00:05:33,148.6,148.618
468,2023-05-09 00:05:33,148.601,148.619
469,2023-05-09 00:05:34,148.599,148.617
470,2023-05-09 00:05:34,148.601,148.619
471,2023-05-09 00:05:36,148.599,148.617
472,2023-05-09 00:05:37,148.6,148.618
473,2023-05-09 00:05:37,148.599,148.617
474,2023-05-09 00:05:37,148.6,148.618
475,2023-05-09 00:05:38,148.599,148.617
476,2023-05-09 00:05:39,148.6,148.618
477,2023-05-09 00:05:39,148.596,148.614
478,2023-05-09 00:05:40,148.597,148.615
479,2023-05-09 00:05:40,148.596,148.614
480,2023-05-09 00:05:40,148.597,148.615
481,2023-05-09 00:05:40,148.598,148.616
482,2023-05-09 00:05:41,148.596,148.614
483,2023-05-09 00:05:41,148.599,148.617
484,2023-05-09 00:05:41,148.595,148.613
485,2023-05-09 00:05:41,148.596,148.614
486,2023-05-09 00:05:42,148.599,148.617
487,2023-05-09 00:05:42,148.6,148.618
488,2023-05-09 00:05:43,148.601,148.619
489,2023-05-09 00:05:43,148.599,148.617
490,2023-05-09 00:05:43,148.596,148.614
491,2023-05-09 00:05:45,148.595,148.613
492,2023-05-09 00:05:45,148.594,148.612
493,2023-05-09 00:05:45,148.595,148.613
494,2023-05-09 00:05:45,148.594,148.612
495,2023-05-09 00:05:46,148.593,148.611
496,2023-05-09 00:05:46,148.594,148.612
497,2023-05-09 00:05:46,148.593,148.611
498,2023-05-09 00:05:47,148.594,148.612
499,2023-05-09 00:05:47,148.593,148.611
500,2023-05-09 00:05:47,148.588,148.606
501,2023-05-09 00:05:48,148.585,148.603
502,2023-05-09 00:05:48,148.584,148.602
503,2023-05-09 00:05:48,148.585,148.603
504,2023-05-09 00:05:49,148.582,148.6
505,2023-05-09 00:05:50,148.583,148.601
506,2023-05-09 00:05:50,148.582,148.6
507,2023-05-09 00:05:51,148.576,148.594
508,2023-05-09 00:05:51,148.577,148.595
509,2023-05-09 00:05:52,148.578,148.596
510,2023-05-09 00:05:52,148.581,148.599
511,2023-05-09 00:05:52,148.58,148.598
512,2023-05-09 00:05:53,148.579,148.597
513,2023-05-09 00:05:53,148.58,148.598
514,2023-05-09 00:05:55,148.581,148.599
515,2023-05-09 00:05:55,148.582,148.6
516,2023-05-09 00:05:56,148.583,148.601
517,2023-05-09 00:06:00,148.583,148.601
518,2023-05-09 00:06:01,148.581,148.599
519,2023-05-09 00:06:02,148.582,148.6
520,2023-05-09 00:06:06,148.581,148.599
521,2023-05-09 00:06:07,148.58,148.598
522,2023-05-09 00:06:07,148.581,148.599
523,2023-05-09 00:06:09,148.59,148.608
524,2023-05-09 00:06:09,148.591,148.609
525,2023-05-09 00:06:09,148.59,148.608
526,2023-05-09 00:06:09,148.591,148.609
527,2023-05-09 00:06:10,148.59,148.608
528,2023-05-09 00:06:11,148.588,148.606
529,2023-05-09 00:06:12,148.587,148.605
530,2023-05-09 00:06:12,148.59,148.608
531,2023-05-09 00:06:13,148.591,148.609
532,2023-05-09 00:06:14,148.585,148.603
533,2023-05-09 00:06:18,148.584,148.602
534,2023-05-09 00:06:18,148.585,148.603
535,2023-05-09 00:06:20,148.583,148.601
536,2023-05-09 00:06:21,148.584,148.602
537,2023-05-09 00:06:21,148.578,148.596
538,2023-05-09 00:06:22,148.582,148.6
539,2023-05-09 00:06:22,148.581,148.599
540,2023-05-09 00:06:29,148.585,148.603
541,2023-05-09 00:06:29,148.584,148.602
542,2023-05-09 00:06:30,148.582,148.6
543,2023-05-09 00:06:30,148.581,148.599
544,2023-05-09 00:06:30,148.582,148.6
545,2023-05-09 00:06:32,148.584,148.602
546,2023-05-09 00:06:33,148.582,148.6
547,2023-05-09 00:06:34,148.581,148.599
548,2023-05-09 00:06:36,148.582,148.6
549,2023-05-09 00:06:36,148.581,148.599
550,2023-05-09 00:06:39,148.574,148.592
551,2023-05-09 00:06:40,148.575,148.593
552,2023-05-09 00:06:40,148.574,148.592
553,2023-05-09 00:06:41,148.573,148.591
554,2023-05-09 00:06:46,148.575,148.593
555,2023-05-09 00:06:47,148.576,148.594
556,2023-05-09 00:06:49,148.577,148.595
557,2023-05-09 00:06:50,148.575,148.593
558,2023-05-09 00:06:50,148.576,148.594
559,2023-05-09 00:06:50,148.573,148.591
560,2023-05-09 00:06:51,148.574,148.592
561,2023-05-09 00:06:51,148.572,148.59
562,2023-05-09 00:06:51,148.569,148.587
563,2023-05-09 00:06:53,148.57,148.588
564,2023-05-09 00:06:53,148.571,148.589
565,2023-05-09 00:06:57,148.574,148.592
566,2023-05-09 00:06:57,148.571,148.589
567,2023-05-09 00:06:57,148.57,148.588
568,2023-05-09 00:06:57,148.569,148.587
569,2023-05-09 00:06:58,148.563,148.581
570,2023-05-09 00:06:58,148.565,148.583
571,2023-05-09 00:06:59,148.575,148.593
572,2023-05-09 00:07:00,148.579,148.597
573,2023-05-09 00:07:00,148.578,148.596
574,2023-05-09 00:07:00,148.58,148.598
575,2023-05-09 00:07:01,148.579,148.597
576,2023-05-09 00:07:01,148.58,148.598
577,2023-05-09 00:07:02,148.579,148.597
578,2023-05-09 00:07:02,148.582,148.6
579,2023-05-09 00:07:02,148.581,148.599
580,2023-05-09 00:07:02,148.578,148.596
581,2023-05-09 00:07:03,148.58,148.598
582,2023-05-09 00:07:03,148.578,148.596
583,2023-05-09 00:07:04,148.58,148.598
584,2023-05-09 00:07:04,148.583,148.601
585,2023-05-09 00:07:05,148.581,148.599
586,2023-05-09 00:07:06,148.582,148.6
587,2023-05-09 00:07:06,148.583,148.601
588,2023-05-09 00:07:06,148.582,148.6
589,2023-05-09 00:07:09,148.58,148.598
590,2023-05-09 00:07:10,148.583,148.601
591,2023-05-09 00:07:10,148.576,148.594
592,2023-05-09 00:07:11,148.577,148.595
593,2023-05-09 00:07:11,148.581,148.599
594,2023-05-09 00:07:12,148.579,148.597
595,2023-05-09 00:07:12,148.577,148.595
596,2023-05-09 00:07:13,148.576,148.594
597,2023-05-09 00:07:13,148.575,148.593
598,2023-05-09 00:07:14,148.576,148.594
599,2023-05-09 00:07:15,148.578,148.596
600,2023-05-09 00:07:16,148.584,148.602
601,2023-05-09 00:07:16,148.573,148.591
602,2023-05-09 00:07:16,148.572,148.59
603,2023-05-09 00:07:18,148.571,148.589
604,2023-05-09 00:07:19,148.572,148.59
605,2023-05-09 00:07:19,148.574,148.592
606,2023-05-09 00:07:20,148.578,148.596
607,2023-05-09 00:07:21,148.577,148.595
608,2023-05-09 00:07:22,148.576,148.594
609,2023-05-09 00:07:24,148.58,148.598
610,2023-05-09 00:07:25,148.575,148.593
611,2023-05-09 00:07:26,148.574,148.592
612,2023-05-09 00:07:29,148.575,148.593
613,2023-05-09 00:07:30,148.574,148.592
614,2023-05-09 00:07:31,148.579,148.597
615,2023-05-09 00:07:32,148.573,148.591
616,2023-05-09 00:07:32,148.574,148.592
617,2023-05-09 00:07:32,148.575,148.593
618,2023-05-09 00:07:33,148.572,148.59
619,2023-05-09 00:07:33,148.574,148.592
620,2023-05-09 00:07:34,148.578,148.596
621,2023-05-09 00:07:36,148.58,148.598
622,2023-05-09 00:07:38,148.579,148.597
623,2023-05-09 00:07:38,148.58,148.598
624,2023-05-09 00:07:40,148.574,148.592
625,2023-05-09 00:07:41,148.571,148.589
626,2023-05-09 00:07:41,148.566,148.584
627,2023-05-09 00:07:41,148.567,148.585
628,2023-05-09 00:07:41,148.565,148.583
629,2023-05-09 00:07:42,148.564,148.582
630,2023-05-09 00:07:42,148.565,148.583
631,2023-05-09 00:07:42,148.566,148.584
632,2023-05-09 00:07:43,148.567,148.585
633,2023-05-09 00:07:43,148.568,148.586
634,2023-05-09 00:07:43,148.567,148.585
635,2023-05-09 00:07:44,148.568,148.586
636,2023-05-09 00:07:44,148.567,148.585
637,2023-05-09 00:07:44,148.568,148.586
638,2023-05-09 00:07:46,148.574,148.592
639,2023-05-09 00:07:46,148.576,148.594
640,2023-05-09 00:07:47,148.578,148.596
641,2023-05-09 00:07:47,148.579,148.597
642,2023-05-09 00:07:48,148.578,148.596
643,2023-05-09 00:07:48,148.577,148.595
644,2023-05-09 00:07:49,148.576,148.594
645,2023-05-09 00:07:50,148.577,148.595
646,2023-05-09 00:07:51,148.578,148.596
647,2023-05-09 00:07:52,148.572,148.59
648,2023-05-09 00:07:52,148.573,148.591
649,2023-05-09 00:07:53,148.574,148.592
650,2023-05-09 00:07:54,148.573,148.591
651,2023-05-09 00:07:55,148.575,148.593
652,2023-05-09 00:07:55,148.576,148.594
653,2023-05-09 00:07:55,148.575,148.593
654,2023-05-09 00:07:56,148.576,148.594
655,2023-05-09 00:07:56,148.577,148.595
656,2023-05-09 00:07:56,148.578,148.596
657,2023-05-09 00:07:58,148.577,148.595
658,2023-05-09 00:07:58,148.576,148.594
659,2023-05-09 00:07:59,148.577,148.595
660,2023-05-09 00:08:00,148.577,148.595
661,2023-05-09 00:08:01,148.578,148.596
662,2023-05-09 00:08:01,148.579,148.597
663,2023-05-09 00:08:02,148.58,148.598
664,2023-05-09 00:08:02,148.578,148.596
665,2023-05-09 00:08:03,148.58,148.598
666,2023-05-09 00:08:03,148.577,148.595
667,2023-05-09 00:08:03,148.573,148.591
668,2023-05-09 00:08:04,148.577,148.595
669,2023-05-09 00:08:04,148.578,148.596
670,2023-05-09 00:08:04,148.577,148.595
671,2023-05-09 00:08:05,148.579,148.597
672,2023-05-09 00:08:05,148.578,148.596
673,2023-05-09 00:08:06,148.579,148.597
674,2023-05-09 00:08:06,148.578,148.596
675,2023-05-09 00:08:06,148.58,148.598
676,2023-05-09 00:08:08,148.579,148.597
677,2023-05-09 00:08:09,148.58,148.598
678,2023-05-09 00:08:09,148.579,148.597
679,2023-05-09 00:08:11,148.58,148.598
680,2023-05-09 00:08:13,148.579,148.597
681,2023-05-09 00:08:13,148.578,148.596
682,2023-05-09 00:08:13,148.576,148.594
683,2023-05-09 00:08:15,148.578,148.596
684,2023-05-09 00:08:15,148.577,148.595
685,2023-05-09 00:08:16,148.578,148.596
686,2023-05-09 00:08:16,148.576,148.594
687,2023-05-09 00:08:16,148.577,148.595
688,2023-05-09 00:08:17,148.579,148.597
689,2023-05-09 00:08:18,148.578,148.596
690,2023-05-09 00:08:19,148.58,148.598
691,2023-05-09 00:08:19,148.581,148.599
692,2023-05-09 00:08:20,148.58,148.598
693,2023-05-09 00:08:20,148.586,148.604
694,2023-05-09 00:08:20,148.587,148.605
695,2023-05-09 00:08:22,148.59,148.608
696,2023-05-09 00:08:23,148.591,148.609
697,2023-05-09 00:08:27,148.59,148.608
698,2023-05-09 00:08:32,148.591,148.609
699,2023-05-09 00:08:32,148.59,148.608
700,2023-05-09 00:08:34,148.593,148.611
701,2023-05-09 00:08:34,148.597,148.615
702,2023-05-09 00:08:35,148.598,148.616
703,2023-05-09 00:08:36,148.597,148.615
704,2023-05-09 00:08:37,148.598,148.616
705,2023-05-09 00:08:37,148.596,148.614
706,2023-05-09 00:08:38,148.597,148.615
707,2023-05-09 00:08:38,148.596,148.614
708,2023-05-09 00:08:38,148.597,148.615
709,2023-05-09 00:08:40,148.598,148.616
710,2023-05-09 00:08:42,148.599,148.617
711,2023-05-09 00:08:43,148.598,148.616
712,2023-05-09 00:08:43,148.599,148.617
713,2023-05-09 00:08:44,148.597,148.615
714,2023-05-09 00:08:44,148.598,148.616
715,2023-05-09 00:08:45,148.599,148.617
716,2023-05-09 00:08:46,148.604,148.622
717,2023-05-09 00:08:48,148.606,148.624
718,2023-05-09 00:08:48,148.605,148.623
719,2023-05-09 00:08:49,148.604,148.622
720,2023-05-09 00:08:50,148.605,148.623
721,2023-05-09 00:08:50,148.604,148.622
722,2023-05-09 00:08:54,148.605,148.623
723,2023-05-09 00:08:54,148.6,148.618
724,2023-05-09 00:08:54,148.601,148.619
725,2023-05-09 00:08:59,148.609,148.627
726,2023-05-09 00:08:59,148.61,148.628
727,2023-05-09 00:08:59,148.611,148.629
728,2023-05-09 00:09:00,148.614,148.632
729,2023-05-09 00:09:00,148.616,148.634
730,2023-05-09 00:09:01,148.614,148.632
731,2023-05-09 00:09:02,148.617,148.635
732,2023-05-09 00:09:02,148.619,148.637
733,2023-05-09 00:09:03,148.618,148.636
734,2023-05-09 00:09:04,148.614,148.632
735,2023-05-09 00:09:04,148.613,148.631
736,2023-05-09 00:09:04,148.61,148.628
737,2023-05-09 00:09:05,148.612,148.63
738,2023-05-09 00:09:05,148.611,148.629
739,2023-05-09 00:09:05,148.61,148.628
740,2023-05-09 00:09:06,148.611,148.629
741,2023-05-09 00:09:07,148.614,148.632
742,2023-05-09 00:09:07,148.609,148.627
743,2023-05-09 00:09:07,148.61,148.628
744,2023-05-09 00:09:09,148.612,148.63
745,2023-05-09 00:09:10,148.611,148.629
746,2023-05-09 00:09:10,148.609,148.627
747,2023-05-09 00:09:10,148.61,148.628
748,2023-05-09 00:09:11,148.609,148.627
749,2023-05-09 00:09:11,148.611,148.629
750,2023-05-09 00:09:11,148.61,148.628
751,2023-05-09 00:09:11,148.608,148.626
752,2023-05-09 00:09:12,148.605,148.623
753,2023-05-09 00:09:13,148.604,148.622
754,2023-05-09 00:09:14,148.603,148.621
755,2023-05-09 00:09:14,148.604,148.622
756,2023-05-09 00:09:14,148.6,148.618
757,2023-05-09 00:09:15,148.601,148.619
758,2023-05-09 00:09:15,148.607,148.625
759,2023-05-09 00:09:15,148.611,148.629
760,2023-05-09 00:09:15,148.612,148.63
761,2023-05-09 00:09:16,148.613,148.631
762,2023-05-09 00:09:17,148.609,148.627
763,2023-05-09 00:09:17,148.607,148.625
764,2023-05-09 00:09:19,148.606,148.624
765,2023-05-09 00:09:20,148.607,148.625
766,2023-05-09 00:09:21,148.606,148.624
767,2023-05-09 00:09:21,148.603,148.621
768,2023-05-09 00:09:22,148.606,148.624
769,2023-05-09 00:09:22,148.608,148.626
770,2023-05-09 00:09:24,148.607,148.625
771,2023-05-09 00:09:25,148.611,148.629
772,2023-05-09 00:09:25,148.61,148.628
773,2023-05-09 00:09:26,148.611,148.629
774,2023-05-09 00:09:28,148.608,148.626
775,2023-05-09 00:09:30,148.607,148.625
776,2023-05-09 00:09:31,148.608,148.626
777,2023-05-09 00:09:32,148.609,148.627
778,2023-05-09 00:09:33,148.608,148.626
779,2023-05-09 00:09:33,148.604,148.622
780,2023-05-09 00:09:33,148.602,148.62
781,2023-05-09 00:09:34,148.601,148.619
782,2023-05-09 00:09:34,148.6,148.618
783,2023-05-09 00:09:37,148.601,148.619
784,2023-05-09 00:09:38,148.603,148.621
785,2023-05-09 00:09:38,148.599,148.617
786,2023-05-09 00:09:39,148.602,148.62
787,2023-05-09 00:09:39,148.601,148.619
788,2023-05-09 00:09:40,148.602,148.62
789,2023-05-09 00:09:40,148.605,148.623
790,2023-05-09 00:09:40,148.604,148.622
791,2023-05-09 00:09:42,148.605,148.623
792,2023-05-09 00:09:43,148.604,148.622
793,2023-05-09 00:09:43,148.603,148.621
794,2023-05-09 00:09:44,148.606,148.624
795,2023-05-09 00:09:44,148.607,148.625
796,2023-05-09 00:09:45,148.604,148.622
797,2023-05-09 00:09:45,148.603,148.621
798,2023-05-09 00:09:46,148.602,148.62
799,2023-05-09 00:09:46,148.605,148.623
800,2023-05-09 00:09:47,148.606,148.624
801,2023-05-09 00:09:52,148.608,148.626
802,2023-05-09 00:09:52,148.612,148.63
803,2023-05-09 00:09:52,148.611,148.629
804,2023-05-09 00:09:53,148.612,148.63
805,2023-05-09 00:09:54,148.61,148.628
806,2023-05-09 00:09:55,148.608,148.626
807,2023-05-09 00:09:55,148.606,148.624
808,2023-05-09 00:09:56,148.607,148.625
809,2023-05-09 00:09:56,148.608,148.626
810,2023-05-09 00:09:57,148.598,148.616
811,2023-05-09 00:09:58,148.599,148.617
812,2023-05-09 00:09:59,148.603,148.621
813,2023-05-09 00:09:59,148.604,148.622
814,2023-05-09 00:10:00,148.604,148.622
815,2023-05-09 00:10:00,148.605,148.623
816,2023-05-09 00:10:00,148.604,148.622
817,2023-05-09 00:10:01,148.603,148.621
818,2023-05-09 00:10:02,148.602,148.62
819,2023-05-09 00:10:02,148.604,148.622
820,2023-05-09 00:10:03,148.603,148.621
821,2023-05-09 00:10:03,148.604,148.622
822,2023-05-09 00:10:04,148.605,148.623
823,2023-05-09 00:10:04,148.604,148.622
824,2023-05-09 00:10:05,148.606,148.624
825,2023-05-09 00:10:05,148.605,148.623
826,2023-05-09 00:10:06,148.604,148.622
827,2023-05-09 00:10:11,148.603,148.621
828,2023-05-09 00:10:12,148.605,148.623
829,2023-05-09 00:10:13,148.606,148.624
830,2023-05-09 00:10:14,148.607,148.625
831,2023-05-09 00:10:14,148.608,148.626
832,2023-05-09 00:10:15,148.607,148.625
833,2023-05-09 00:10:15,148.606,148.624
834,2023-05-09 00:10:16,148.605,148.623
835,2023-05-09 00:10:18,148.606,148.624
836,2023-05-09 00:10:18,148.605,148.623
837,2023-05-09 00:10:20,148.604,148.622
838,2023-05-09 00:10:22,148.603,148.621
839,2023-05-09 00:10:26,148.601,148.619
840,2023-05-09 00:10:26,148.596,148.614
841,2023-05-09 00:10:26,148.604,148.622
842,2023-05-09 00:10:27,148.603,148.621
843,2023-05-09 00:10:28,148.604,148.622
844,2023-05-09 00:10:28,148.603,148.621
845,2023-05-09 00:10:29,148.597,148.615
846,2023-05-09 00:10:30,148.598,148.616
847,2023-05-09 00:10:30,148.597,148.615
848,2023-05-09 00:10:32,148.598,148.616
849,2023-05-09 00:10:32,148.599,148.617
850,2023-05-09 00:10:32,148.6,148.618
851,2023-05-09 00:10:33,148.599,148.617
852,2023-05-09 00:10:34,148.6,148.618
853,2023-05-09 00:10:35,148.601,148.619
854,2023-05-09 00:10:35,148.6,148.618
855,2023-05-09 00:10:36,148.599,148.617
856,2023-05-09 00:10:36,148.603,148.621
857,2023-05-09 00:10:37,148.604,148.622
858,2023-05-09 00:10:40,148.601,148.619
859,2023-05-09 00:10:40,148.599,148.617
860,2023-05-09 00:10:40,148.602,148.62
861,2023-05-09 00:10:41,148.603,148.621
862,2023-05-09 00:10:47,148.608,148.626
863,2023-05-09 00:10:48,148.601,148.619
864,2023-05-09 00:10:48,148.603,148.621
865,2023-05-09 00:10:48,148.6,148.618
866,2023-05-09 00:10:49,148.599,148.617
867,2023-05-09 00:10:50,148.598,148.616
868,2023-05-09 00:10:50,148.597,148.615
869,2023-05-09 00:10:53,148.598,148.616
870,2023-05-09 00:10:54,148.601,148.619
871,2023-05-09 00:10:54,148.599,148.617
872,2023-05-09 00:10:54,148.602,148.62
873,2023-05-09 00:10:55,148.605,148.623
874,2023-05-09 00:10:55,148.608,148.626
875,2023-05-09 00:10:55,148.607,148.625
876,2023-05-09 00:10:56,148.608,148.626
877,2023-05-09 00:10:56,148.605,148.623
878,2023-05-09 00:10:58,148.61,148.628
879,2023-05-09 00:10:58,148.608,148.626
880,2023-05-09 00:10:58,148.612,148.63
881,2023-05-09 00:10:59,148.613,148.631
882,2023-05-09 00:10:59,148.614,148.632
883,2023-05-09 00:10:59,148.613,148.631
884,2023-05-09 00:11:00,148.613,148.631
885,2023-05-09 00:11:00,148.608,148.626
886,2023-05-09 00:11:01,148.61,148.628
887,2023-05-09 00:11:01,148.611,148.629
888,2023-05-09 00:11:02,148.612,148.63
889,2023-05-09 00:11:03,148.613,148.631
890,2023-05-09 00:11:03,148.611,148.629
891,2023-05-09 00:11:03,148.619,148.637
892,2023-05-09 00:11:04,148.613,148.631
893,2023-05-09 00:11:04,148.612,148.63
894,2023-05-09 00:11:04,148.613,148.631
895,2023-05-09 00:11:05,148.616,148.634
896,2023-05-09 00:11:05,148.617,148.635
897,2023-05-09 00:11:05,148.615,148.633
898,2023-05-09 00:11:05,148.612,148.63
899,2023-05-09 00:11:11,148.605,148.623
900,2023-05-09 00:11:11,148.604,148.622
901,2023-05-09 00:11:12,148.605,148.623
902,2023-05-09 00:11:12,148.604,148.622
903,2023-05-09 00:11:12,148.603,148.621
904,2023-05-09 00:11:14,148.605,148.623
905,2023-05-09 00:11:15,148.604,148.622
906,2023-05-09 00:11:16,148.6,148.618
907,2023-05-09 00:11:16,148.599,148.617
908,2023-05-09 00:11:16,148.596,148.614
909,2023-05-09 00:11:17,148.594,148.612
910,2023-05-09 00:11:22,148.601,148.619
911,2023-05-09 00:11:22,148.6,148.618
912,2023-05-09 00:11:22,148.595,148.613
913,2023-05-09 00:11:23,148.597,148.615
914,2023-05-09 00:11:24,148.599,148.617
915,2023-05-09 00:11:25,148.6,148.618
916,2023-05-09 00:11:26,148.599,148.617
917,2023-05-09 00:11:26,148.6,148.618
918,2023-05-09 00:11:27,148.598,148.616
919,2023-05-09 00:11:28,148.597,148.615
920,2023-05-09 00:11:30,148.596,148.614
921,2023-05-09 00:11:31,148.595,148.613
922,2023-05-09 00:11:31,148.596,148.614
923,2023-05-09 00:11:31,148.595,148.613
924,2023-05-09 00:11:32,148.596,148.614
925,2023-05-09 00:11:33,148.597,148.615
926,2023-05-09 00:11:35,148.598,148.616
927,2023-05-09 00:11:36,148.597,148.615
928,2023-05-09 00:11:36,148.602,148.62
929,2023-05-09 00:11:37,148.598,148.616
930,2023-05-09 00:11:37,148.599,148.617
931,2023-05-09 00:11:38,148.6,148.618
932,2023-05-09 00:11:38,148.604,148.622
933,2023-05-09 00:11:39,148.605,148.623
934,2023-05-09 00:11:39,148.611,148.629
935,2023-05-09 00:11:40,148.606,148.624
936,2023-05-09 00:11:40,148.605,148.623
937,2023-05-09 00:11:42,148.606,148.624
938,2023-05-09 00:11:43,148.605,148.623
939,2023-05-09 00:11:44,148.609,148.627
940,2023-05-09 00:11:44,148.611,148.629
941,2023-05-09 00:11:44,148.608,148.626
942,2023-05-09 00:11:46,148.61,148.628
943,2023-05-09 00:11:46,148.611,148.629
944,2023-05-09 00:11:52,148.612,148.63
945,2023-05-09 00:11:52,148.615,148.633
946,2023-05-09 00:11:54,148.616,148.634
947,2023-05-09 00:11:55,148.615,148.633
948,2023-05-09 00:11:56,148.616,148.634
949,2023-05-09 00:11:58,148.617,148.635
950,2023-05-09 00:11:58,148.62,148.638
951,2023-05-09 00:11:58,148.621,148.639
952,2023-05-09 00:11:59,148.625,148.643
953,2023-05-09 00:11:59,148.621,148.639
954,2023-05-09 00:12:00,148.618,148.636
955,2023-05-09 00:12:01,148.617,148.635
956,2023-05-09 00:12:01,148.606,148.624
957,2023-05-09 00:12:01,148.605,148.623
958,2023-05-09 00:12:02,148.606,148.624
959,2023-05-09 00:12:02,148.605,148.623
960,2023-05-09 00:12:03,148.61,148.628
961,2023-05-09 00:12:03,148.614,148.632
962,2023-05-09 00:12:04,148.616,148.634
963,2023-05-09 00:12:04,148.617,148.635
964,2023-05-09 00:12:04,148.618,148.636
965,2023-05-09 00:12:05,148.617,148.635
966,2023-05-09 00:12:07,148.616,148.634
967,2023-05-09 00:12:07,148.618,148.636
968,2023-05-09 00:12:07,148.616,148.634
969,2023-05-09 00:12:08,148.617,148.635
970,2023-05-09 00:12:08,148.618,148.636
971,2023-05-09 00:12:09,148.617,148.635
972,2023-05-09 00:12:10,148.618,148.636
973,2023-05-09 00:12:11,148.616,148.634
974,2023-05-09 00:12:11,148.613,148.631
975,2023-05-09 00:12:11,148.615,148.633
976,2023-05-09 00:12:14,148.616,148.634
977,2023-05-09 00:12:15,148.617,148.635
978,2023-05-09 00:12:15,148.616,148.634
979,2023-05-09 00:12:17,148.617,148.635
980,2023-05-09 00:12:17,148.619,148.637
981,2023-05-09 00:12:17,148.616,148.634
982,2023-05-09 00:12:18,148.615,148.633
983,2023-05-09 00:12:19,148.616,148.634
984,2023-05-09 00:12:20,148.626,148.644
985,2023-05-09 00:12:20,148.622,148.64
986,2023-05-09 00:12:22,148.623,148.641
987,2023-05-09 00:12:26,148.624,148.642
988,2023-05-09 00:12:27,148.623,148.641
989,2023-05-09 00:12:27,148.62,148.638
990,2023-05-09 00:12:27,148.619,148.637
991,2023-05-09 00:12:29,148.618,148.636
992,2023-05-09 00:12:31,148.615,148.633
993,2023-05-09 00:12:32,148.617,148.635
994,2023-05-09 00:12:32,148.616,148.634
995,2023-05-09 00:12:33,148.617,148.635
996,2023-05-09 00:12:36,148.62,148.638
997,2023-05-09 00:12:36,148.618,148.636
998,2023-05-09 00:12:36,148.617,148.635
999,2023-05-09 00:12:37,148.615,148.633
1000,2023-05-09 00:12:38,148.616,148.634
1001,2023-05-09 00:12:39,148.614,148.632
1002,2023-05-09 00:12:39,148.613,148.631
1003,2023-05-09 00:12:41,148.614,148.632
1004,2023-05-09 00:12:43,148.616,148.634
1005,2023-05-09 00:12:43,148.615,148.633
1006,2023-05-09 00:12:44,148.62,148.638
1007,2023-05-09 00:12:45,148.621,148.639
1008,2023-05-09 00:12:45,148.624,148.642
1009,2023-05-09 00:12:46,148.618,148.636
1010,2023-05-09 00:12:46,148.62,148.638
1011,2023-05-09 00:12:47,148.619,148.637
1012,2023-05-09 00:12:48,148.617,148.635
1013,2023-05-09 00:12:48,148.62,148.638
1014,2023-05-09 00:12:48,148.619,148.637
1015,2023-05-09 00:12:48,148.62,148.638
1016,2023-05-09 00:12:50,148.621,148.639
1017,2023-05-09 00:12:51,148.62,148.638
1018,2023-05-09 00:12:51,148.622,148.64
1019,2023-05-09 00:12:52,148.626,148.644
1020,2023-05-09 00:12:52,148.627,148.645
1021,2023-05-09 00:12:53,148.629,148.647
1022,2023-05-09 00:12:53,148.628,148.646
1023,2023-05-09 00:12:53,148.629,148.647
1024,2023-05-09 00:12:54,148.63,148.648
1025,2023-05-09 00:12:54,148.631,148.649
1026,2023-05-09 00:12:55,148.635,148.653
1027,2023-05-09 00:12:55,148.639,148.657
1028,2023-05-09 00:12:55,148.636,148.654
1029,2023-05-09 00:12:57,148.638,148.656
1030,2023-05-09 00:12:58,148.635,148.653
1031,2023-05-09 00:12:58,148.633,148.651
1032,2023-05-09 00:12:59,148.63,148.648
1033,2023-05-09 00:13:00,148.631,148.649
1034,2023-05-09 00:13:00,148.633,148.651
1035,2023-05-09 00:13:01,148.632,148.65
1036,2023-05-09 00:13:02,148.635,148.653
1037,2023-05-09 00:13:03,148.634,148.652
1038,2023-05-09 00:13:03,148.635,148.653
1039,2023-05-09 00:13:04,148.633,148.651
1040,2023-05-09 00:13:04,148.634,148.652
1041,2023-05-09 00:13:04,148.633,148.651
1042,2023-05-09 00:13:05,148.634,148.652
1043,2023-05-09 00:13:06,148.639,148.657
1044,2023-05-09 00:13:06,148.641,148.659
1045,2023-05-09 00:13:06,148.642,148.66
1046,2023-05-09 00:13:07,148.641,148.659
1047,2023-05-09 00:13:08,148.636,148.654
1048,2023-05-09 00:13:09,148.637,148.655
1049,2023-05-09 00:13:10,148.636,148.654
1050,2023-05-09 00:13:11,148.639,148.657
1051,2023-05-09 00:13:12,148.64,148.658
1052,2023-05-09 00:13:12,148.639,148.657
1053,2023-05-09 00:13:13,148.64,148.658
1054,2023-05-09 00:13:13,148.639,148.657
1055,2023-05-09 00:13:13,148.636,148.654
1056,2023-05-09 00:13:14,148.635,148.653
1057,2023-05-09 00:13:14,148.634,148.652
1058,2023-05-09 00:13:15,148.635,148.653
1059,2023-05-09 00:13:15,148.637,148.655
1060,2023-05-09 00:13:16,148.638,148.656
1061,2023-05-09 00:13:16,148.637,148.655
1062,2023-05-09 00:13:16,148.636,148.654
1063,2023-05-09 00:13:16,148.633,148.651
1064,2023-05-09 00:13:17,148.634,148.652
1065,2023-05-09 00:13:17,148.635,148.653
1066,2023-05-09 00:13:17,148.634,148.652
1067,2023-05-09 00:13:18,148.633,148.651
1068,2023-05-09 00:13:18,148.634,148.652
1069,2023-05-09 00:13:18,148.64,148.658
1070,2023-05-09 00:13:19,148.641,148.659
1071,2023-05-09 00:13:20,148.639,148.657
1072,2023-05-09 00:13:20,148.641,148.659
1073,2023-05-09 00:13:20,148.64,148.658
1074,2023-05-09 00:13:20,148.639,148.657
1075,2023-05-09 00:13:21,148.641,148.659
1076,2023-05-09 00:13:21,148.639,148.657
1077,2023-05-09 00:13:22,148.637,148.655
1078,2023-05-09 00:13:23,148.635,148.653
1079,2023-05-09 00:13:23,148.641,148.659
1080,2023-05-09 00:13:24,148.639,148.657
1081,2023-05-09 00:13:24,148.633,148.651
1082,2023-05-09 00:13:24,148.629,148.647
1083,2023-05-09 00:13:24,148.628,148.646
1084,2023-05-09 00:13:25,148.627,148.645
1085,2023-05-09 00:13:25,148.626,148.644
1086,2023-05-09 00:13:26,148.625,148.643
1087,2023-05-09 00:13:26,148.624,148.642
1088,2023-05-09 00:13:27,148.623,148.641
1089,2023-05-09 00:13:28,148.621,148.639
1090,2023-05-09 00:13:28,148.616,148.634
1091,2023-05-09 00:13:29,148.614,148.632
1092,2023-05-09 00:13:29,148.617,148.635
1093,2023-05-09 00:13:30,148.618,148.636
1094,2023-05-09 00:13:30,148.619,148.637
1095,2023-05-09 00:13:31,148.62,148.638
1096,2023-05-09 00:13:31,148.618,148.636
1097,2023-05-09 00:13:32,148.617,148.635
1098,2023-05-09 00:13:33,148.616,148.634
1099,2023-05-09 00:13:33,148.617,148.635
1100,2023-05-09 00:13:34,148.613,148.631
1101,2023-05-09 00:13:34,148.614,148.632
1102,2023-05-09 00:13:36,148.615,148.633
1103,2023-05-09 00:13:38,148.616,148.634
1104,2023-05-09 00:13:39,148.618,148.636
1105,2023-05-09 00:13:39,148.622,148.64
1106,2023-05-09 00:13:39,148.623,148.641
1107,2023-05-09 00:13:41,148.624,148.642
1108,2023-05-09 00:13:42,148.623,148.641
1109,2023-05-09 00:13:44,148.617,148.635
1110,2023-05-09 00:13:44,148.618,148.636
1111,2023-05-09 00:13:45,148.62,148.638
1112,2023-05-09 00:13:45,148.618,148.636
1113,2023-05-09 00:13:46,148.619,148.637
1114,2023-05-09 00:13:48,148.617,148.635
1115,2023-05-09 00:13:48,148.622,148.64
1116,2023-05-09 00:13:49,148.616,148.634
1117,2023-05-09 00:13:50,148.617,148.635
1118,2023-05-09 00:13:50,148.618,148.636
1119,2023-05-09 00:13:50,148.617,148.635
1120,2023-05-09 00:13:50,148.616,148.634
1121,2023-05-09 00:13:51,148.617,148.635
1122,2023-05-09 00:13:51,148.62,148.638
1123,2023-05-09 00:13:52,148.619,148.637
1124,2023-05-09 00:13:52,148.621,148.639
1125,2023-05-09 00:13:53,148.619,148.637
1126,2023-05-09 00:13:54,148.618,148.636
1127,2023-05-09 00:13:54,148.619,148.637
1128,2023-05-09 00:13:54,148.618,148.636
1129,2023-05-09 00:13:55,148.617,148.635
1130,2023-05-09 00:13:55,148.62,148.638
1131,2023-05-09 00:13:56,148.618,148.636
1132,2023-05-09 00:13:57,148.619,148.637
1133,2023-05-09 00:13:59,148.62,148.638
1134,2023-05-09 00:14:00,148.62,148.638
1135,2023-05-09 00:14:00,148.619,148.637
1136,2023-05-09 00:14:02,148.62,148.638
1137,2023-05-09 00:14:02,148.618,148.636
1138,2023-05-09 00:14:02,148.619,148.637
1139,2023-05-09 00:14:03,148.62,148.638
1140,2023-05-09 00:14:03,148.621,148.639
1141,2023-05-09 00:14:05,148.626,148.644
1142,2023-05-09 00:14:07,148.627,148.645
1143,2023-05-09 00:14:08,148.625,148.643
1144,2023-05-09 00:14:08,148.626,148.644
1145,2023-05-09 00:14:09,148.625,148.643
1146,2023-05-09 00:14:09,148.627,148.645
1147,2023-05-09 00:14:10,148.633,148.651
1148,2023-05-09 00:14:10,148.635,148.653
1149,2023-05-09 00:14:10,148.637,148.655
1150,2023-05-09 00:14:11,148.636,148.654
1151,2023-05-09 00:14:12,148.637,148.655
1152,2023-05-09 00:14:13,148.636,148.654
1153,2023-05-09 00:14:13,148.626,148.644
1154,2023-05-09 00:14:15,148.627,148.645
1155,2023-05-09 00:14:19,148.625,148.643
1156,2023-05-09 00:14:20,148.626,148.644
1157,2023-05-09 00:14:22,148.627,148.645
1158,2023-05-09 00:14:23,148.628,148.646
1159,2023-05-09 00:14:23,148.629,148.647
1160,2023-05-09 00:14:24,148.628,148.646
1161,2023-05-09 00:14:25,148.627,148.645
1162,2023-05-09 00:14:25,148.629,148.647
1163,2023-05-09 00:14:25,148.628,148.646
1164,2023-05-09 00:14:26,148.627,148.645
1165,2023-05-09 00:14:27,148.626,148.644
1166,2023-05-09 00:14:28,148.627,148.645
1167,2023-05-09 00:14:28,148.628,148.646
1168,2023-05-09 00:14:28,148.63,148.648
1169,2023-05-09 00:14:29,148.628,148.646
1170,2023-05-09 00:14:29,148.632,148.65
1171,2023-05-09 00:14:29,148.628,148.646
1172,2023-05-09 00:14:30,148.627,148.645
1173,2023-05-09 00:14:32,148.629,148.647
1174,2023-05-09 00:14:32,148.631,148.649
1175,2023-05-09 00:14:32,148.632,148.65
1176,2023-05-09 00:14:32,148.631,148.649
1177,2023-05-09 00:14:33,148.632,148.65
1178,2023-05-09 00:14:34,148.631,148.649
1179,2023-05-09 00:14:34,148.63,148.648
1180,2023-05-09 00:14:34,148.635,148.653
1181,2023-05-09 00:14:35,148.634,148.652
1182,2023-05-09 00:14:35,148.638,148.656
1183,2023-05-09 00:14:36,148.639,148.657
1184,2023-05-09 00:14:36,148.644,148.662
1185,2023-05-09 00:14:36,148.649,148.667
1186,2023-05-09 00:14:37,148.661,148.679
1187,2023-05-09 00:14:37,148.665,148.683
1188,2023-05-09 00:14:38,148.668,148.686
1189,2023-05-09 00:14:38,148.665,148.683
1190,2023-05-09 00:14:38,148.664,148.682
1191,2023-05-09 00:14:39,148.663,148.681
1192,2023-05-09 00:14:39,148.659,148.677
1193,2023-05-09 00:14:39,148.661,148.679
1194,2023-05-09 00:14:40,148.664,148.682
1195,2023-05-09 00:14:40,148.663,148.681
1196,2023-05-09 00:14:40,148.662,148.68
1197,2023-05-09 00:14:41,148.66,148.678
1198,2023-05-09 00:14:43,148.663,148.681
1199,2023-05-09 00:14:43,148.662,148.68
1200,2023-05-09 00:14:44,148.661,148.679
1201,2023-05-09 00:14:44,148.664,148.682
1202,2023-05-09 00:14:44,148.662,148.68
1203,2023-05-09 00:14:45,148.659,148.677
1204,2023-05-09 00:14:45,148.66,148.678
1205,2023-05-09 00:14:45,148.662,148.68
1206,2023-05-09 00:14:46,148.661,148.679
1207,2023-05-09 00:14:46,148.658,148.676
1208,2023-05-09 00:14:46,148.659,148.677
1209,2023-05-09 00:14:47,148.66,148.678
1210,2023-05-09 00:14:48,148.661,148.679
1211,2023-05-09 00:14:49,148.662,148.68
1212,2023-05-09 00:14:50,148.66,148.678
1213,2023-05-09 00:14:50,148.658,148.676
1214,2023-05-09 00:14:53,148.663,148.681
1215,2023-05-09 00:14:54,148.662,148.68
1216,2023-05-09 00:14:54,148.659,148.677
1217,2023-05-09 00:14:54,148.661,148.679
1218,2023-05-09 00:14:55,148.659,148.677
1219,2023-05-09 00:14:55,148.657,148.675
1220,2023-05-09 00:14:55,148.659,148.677
1221,2023-05-09 00:14:56,148.662,148.68
1222,2023-05-09 00:14:56,148.66,148.678
1223,2023-05-09 00:14:56,148.662,148.68
1224,2023-05-09 00:14:56,148.661,148.679
1225,2023-05-09 00:14:57,148.66,148.678
1226,2023-05-09 00:14:57,148.661,148.679
1227,2023-05-09 00:14:57,148.662,148.68
1228,2023-05-09 00:14:58,148.66,148.678
1229,2023-05-09 00:14:59,148.656,148.674
1230,2023-05-09 00:15:00,148.654,148.672
1231,2023-05-09 00:15:01,148.655,148.673
1232,2023-05-09 00:15:01,148.654,148.672
1233,2023-05-09 00:15:02,148.655,148.673
1234,2023-05-09 00:15:02,148.652,148.67
1235,2023-05-09 00:15:03,148.65,148.668
1236,2023-05-09 00:15:03,148.651,148.669
1237,2023-05-09 00:15:03,148.654,148.672
1238,2023-05-09 00:15:04,148.653,148.671
1239,2023-05-09 00:15:04,148.652,148.67
1240,2023-05-09 00:15:04,148.642,148.66
1241,2023-05-09 00:15:04,148.644,148.662
1242,2023-05-09 00:15:05,148.638,148.656
1243,2023-05-09 00:15:05,148.639,148.657
1244,2023-05-09 00:15:05,148.638,148.656
1245,2023-05-09 00:15:06,148.637,148.655
1246,2023-05-09 00:15:07,148.636,148.654
1247,2023-05-09 00:15:08,148.635,148.653
1248,2023-05-09 00:15:08,148.636,148.654
1249,2023-05-09 00:15:08,148.632,148.65
1250,2023-05-09 00:15:09,148.638,148.656
1251,2023-05-09 00:15:09,148.647,148.665
1252,2023-05-09 00:15:10,148.648,148.666
1253,2023-05-09 00:15:10,148.647,148.665
1254,2023-05-09 00:15:11,148.649,148.667
1255,2023-05-09 00:15:12,148.651,148.669
1256,2023-05-09 00:15:14,148.65,148.668
1257,2023-05-09 00:15:15,148.648,148.666
1258,2023-05-09 00:15:15,148.647,148.665
1259,2023-05-09 00:15:16,148.648,148.666
1260,2023-05-09 00:15:17,148.649,148.667
1261,2023-05-09 00:15:17,148.648,148.666
1262,2023-05-09 00:15:18,148.643,148.661
1263,2023-05-09 00:15:18,148.64,148.658
1264,2023-05-09 00:15:19,148.641,148.659
1265,2023-05-09 00:15:19,148.64,148.658
1266,2023-05-09 00:15:20,148.641,148.659
1267,2023-05-09 00:15:20,148.637,148.655
1268,2023-05-09 00:15:20,148.636,148.654
1269,2023-05-09 00:15:21,148.635,148.653
1270,2023-05-09 00:15:23,148.636,148.654
1271,2023-05-09 00:15:23,148.637,148.655
1272,2023-05-09 00:15:24,148.636,148.654
1273,2023-05-09 00:15:25,148.635,148.653
1274,2023-05-09 00:15:26,148.634,148.652
1275,2023-05-09 00:15:27,148.635,148.653
1276,2023-05-09 00:15:27,148.634,148.652
1277,2023-05-09 00:15:28,148.637,148.655
1278,2023-05-09 00:15:29,148.635,148.653
1279,2023-05-09 00:15:29,148.634,148.652
1280,2023-05-09 00:15:30,148.637,148.655
1281,2023-05-09 00:15:32,148.638,148.656
1282,2023-05-09 00:15:32,148.634,148.652
1283,2023-05-09 00:15:33,148.635,148.653
1284,2023-05-09 00:15:34,148.636,148.654
1285,2023-05-09 00:15:34,148.635,148.653
1286,2023-05-09 00:15:34,148.642,148.66
1287,2023-05-09 00:15:34,148.641,148.659
1288,2023-05-09 00:15:37,148.64,148.658
1289,2023-05-09 00:15:38,148.641,148.659
1290,2023-05-09 00:15:39,148.64,148.658
1291,2023-05-09 00:15:40,148.641,148.659
1292,2023-05-09 00:15:40,148.642,148.66
1293,2023-05-09 00:15:41,148.643,148.661
1294,2023-05-09 00:15:42,148.642,148.66
1295,2023-05-09 00:15:43,148.643,148.661
1296,2023-05-09 00:15:43,148.64,148.658
1297,2023-05-09 00:15:44,148.641,148.659
1298,2023-05-09 00:15:44,148.639,148.657
1299,2023-05-09 00:15:45,148.638,148.656
1300,2023-05-09 00:15:45,148.639,148.657
1301,2023-05-09 00:15:45,148.64,148.658
1302,2023-05-09 00:15:46,148.635,148.653
1303,2023-05-09 00:15:46,148.637,148.655
1304,2023-05-09 00:15:49,148.634,148.652
1305,2023-05-09 00:15:49,148.635,148.653
1306,2023-05-09 00:15:49,148.637,148.655
1307,2023-05-09 00:15:50,148.639,148.657
1308,2023-05-09 00:15:50,148.637,148.655
1309,2023-05-09 00:15:51,148.638,148.656
1310,2023-05-09 00:15:51,148.641,148.659
1311,2023-05-09 00:15:52,148.642,148.66
1312,2023-05-09 00:15:52,148.641,148.659
1313,2023-05-09 00:15:53,148.642,148.66
1314,2023-05-09 00:15:55,148.643,148.661
1315,2023-05-09 00:15:55,148.644,148.662
1316,2023-05-09 00:15:56,148.643,148.661
1317,2023-05-09 00:15:56,148.641,148.659
1318,2023-05-09 00:15:56,148.64,148.658
1319,2023-05-09 00:15:57,148.647,148.665
1320,2023-05-09 00:15:59,148.645,148.663
1321,2023-05-09 00:16:00,148.645,148.663
1322,2023-05-09 00:16:00,148.646,148.664
1323,2023-05-09 00:16:00,148.647,148.665
1324,2023-05-09 00:16:01,148.642,148.66
1325,2023-05-09 00:16:01,148.643,148.661
1326,2023-05-09 00:16:01,148.638,148.656
1327,2023-05-09 00:16:01,148.645,148.663
1328,2023-05-09 00:16:02,148.644,148.662
1329,2023-05-09 00:16:02,148.643,148.661
1330,2023-05-09 00:16:02,148.644,148.662
1331,2023-05-09 00:16:03,148.64,148.658
1332,2023-05-09 00:16:03,148.641,148.659
1333,2023-05-09 00:16:03,148.643,148.661
1334,2023-05-09 00:16:03,148.638,148.656
1335,2023-05-09 00:16:04,148.64,148.658
1336,2023-05-09 00:16:04,148.639,148.657
1337,2023-05-09 00:16:05,148.64,148.658
1338,2023-05-09 00:16:05,148.641,148.659
1339,2023-05-09 00:16:05,148.642,148.66
1340,2023-05-09 00:16:07,148.644,148.662
1341,2023-05-09 00:16:07,148.639,148.657
1342,2023-05-09 00:16:08,148.638,148.656
1343,2023-05-09 00:16:08,148.641,148.659
1344,2023-05-09 00:16:09,148.642,148.66
1345,2023-05-09 00:16:15,148.64,148.658
1346,2023-05-09 00:16:16,148.641,148.659
1347,2023-05-09 00:16:16,148.64,148.658
1348,2023-05-09 00:16:21,148.644,148.662
1349,2023-05-09 00:16:21,148.639,148.657
1350,2023-05-09 00:16:21,148.64,148.658
1351,2023-05-09 00:16:24,148.639,148.657
1352,2023-05-09 00:16:25,148.638,148.656
1353,2023-05-09 00:16:26,148.639,148.657
1354,2023-05-09 00:16:26,148.64,148.658
1355,2023-05-09 00:16:26,148.639,148.657
1356,2023-05-09 00:16:27,148.64,148.658
1357,2023-05-09 00:16:27,148.641,148.659
1358,2023-05-09 00:16:29,148.642,148.66
1359,2023-05-09 00:16:30,148.644,148.662
1360,2023-05-09 00:16:31,148.642,148.66
1361,2023-05-09 00:16:33,148.644,148.662
1362,2023-05-09 00:16:34,148.646,148.664
1363,2023-05-09 00:16:34,148.645,148.663
1364,2023-05-09 00:16:34,148.644,148.662
1365,2023-05-09 00:16:39,148.645,148.663
1366,2023-05-09 00:16:41,148.637,148.655
1367,2023-05-09 00:16:41,148.633,148.651
1368,2023-05-09 00:16:42,148.636,148.654
1369,2023-05-09 00:16:42,148.637,148.655
1370,2023-05-09 00:16:43,148.636,148.654
1371,2023-05-09 00:16:43,148.64,148.658
1372,2023-05-09 00:16:43,148.638,148.656
1373,2023-05-09 00:16:44,148.637,148.655
1374,2023-05-09 00:16:46,148.642,148.66
1375,2023-05-09 00:16:46,148.641,148.659
1376,2023-05-09 00:16:47,148.638,148.656
1377,2023-05-09 00:16:49,148.639,148.657
1378,2023-05-09 00:16:50,148.638,148.656
1379,2023-05-09 00:16:50,148.637,148.655
1380,2023-05-09 00:16:50,148.633,148.651
1381,2023-05-09 00:16:51,148.634,148.652
1382,2023-05-09 00:16:51,148.633,148.651
1383,2023-05-09 00:16:53,148.631,148.649
1384,2023-05-09 00:16:53,148.632,148.65
1385,2023-05-09 00:16:54,148.633,148.651
1386,2023-05-09 00:16:54,148.634,148.652
1387,2023-05-09 00:16:55,148.632,148.65
1388,2023-05-09 00:16:55,148.633,148.651
1389,2023-05-09 00:16:56,148.634,148.652
1390,2023-05-09 00:16:56,148.644,148.662
1391,2023-05-09 00:16:56,148.643,148.661
1392,2023-05-09 00:16:57,148.642,148.66
1393,2023-05-09 00:16:58,148.645,148.663
1394,2023-05-09 00:16:58,148.643,148.661
1395,2023-05-09 00:16:58,148.641,148.659
1396,2023-05-09 00:16:58,148.64,148.658
1397,2023-05-09 00:16:59,148.641,148.659
1398,2023-05-09 00:17:00,148.641,148.659
1399,2023-05-09 00:17:01,148.64,148.658
1400,2023-05-09 00:17:02,148.638,148.656
1401,2023-05-09 00:17:03,148.635,148.653
1402,2023-05-09 00:17:04,148.634,148.652
1403,2023-05-09 00:17:04,148.63,148.648
1404,2023-05-09 00:17:04,148.632,148.65
1405,2023-05-09 00:17:04,148.631,148.649
1406,2023-05-09 00:17:05,148.633,148.651
1407,2023-05-09 00:17:09,148.634,148.652
1408,2023-05-09 00:17:11,148.635,148.653
1409,2023-05-09 00:17:12,148.633,148.651
1410,2023-05-09 00:17:12,148.632,148.65
1411,2023-05-09 00:17:12,148.633,148.651
1412,2023-05-09 00:17:16,148.628,148.646
1413,2023-05-09 00:17:16,148.627,148.645
1414,2023-05-09 00:17:17,148.626,148.644
1415,2023-05-09 00:17:17,148.625,148.643
1416,2023-05-09 00:17:17,148.628,148.646
1417,2023-05-09 00:17:17,148.626,148.644
1418,2023-05-09 00:17:18,148.63,148.648
1419,2023-05-09 00:17:19,148.633,148.651
1420,2023-05-09 00:17:21,148.634,148.652
1421,2023-05-09 00:17:21,148.635,148.653
1422,2023-05-09 00:17:22,148.634,148.652
1423,2023-05-09 00:17:22,148.633,148.651
1424,2023-05-09 00:17:22,148.632,148.65
1425,2023-05-09 00:17:26,148.631,148.649
1426,2023-05-09 00:17:26,148.628,148.646
1427,2023-05-09 00:17:27,148.627,148.645
1428,2023-05-09 00:17:28,148.628,148.646
1429,2023-05-09 00:17:28,148.629,148.647
1430,2023-05-09 00:17:29,148.633,148.651
1431,2023-05-09 00:17:30,148.632,148.65
1432,2023-05-09 00:17:30,148.633,148.651
1433,2023-05-09 00:17:30,148.634,148.652
1434,2023-05-09 00:17:33,148.635,148.653
1435,2023-05-09 00:17:33,148.634,148.652
1436,2023-05-09 00:17:34,148.635,148.653
1437,2023-05-09 00:17:36,148.634,148.652
1438,2023-05-09 00:17:37,148.632,148.65
1439,2023-05-09 00:17:38,148.634,148.652
1440,2023-05-09 00:17:39,148.632,148.65
1441,2023-05-09 00:17:39,148.633,148.651
1442,2023-05-09 00:17:40,148.632,148.65
1443,2023-05-09 00:17:41,148.633,148.651
1444,2023-05-09 00:17:41,148.635,148.653
1445,2023-05-09 00:17:42,148.633,148.651
1446,2023-05-09 00:17:42,148.636,148.654
1447,2023-05-09 00:17:42,148.635,148.653
1448,2023-05-09 00:17:43,148.636,148.654
1449,2023-05-09 00:17:43,148.629,148.647
1450,2023-05-09 00:17:44,148.634,148.652
1451,2023-05-09 00:17:44,148.633,148.651
1452,2023-05-09 00:17:45,148.632,148.65
1453,2023-05-09 00:17:46,148.633,148.651
1454,2023-05-09 00:17:47,148.626,148.644
1455,2023-05-09 00:17:47,148.629,148.647
1456,2023-05-09 00:17:50,148.626,148.644
1457,2023-05-09 00:17:51,148.627,148.645
1458,2023-05-09 00:17:51,148.626,148.644
1459,2023-05-09 00:17:51,148.629,148.647
1460,2023-05-09 00:17:52,148.63,148.648
1461,2023-05-09 00:17:53,148.626,148.644
1462,2023-05-09 00:17:53,148.627,148.645
1463,2023-05-09 00:17:53,148.621,148.639
1464,2023-05-09 00:17:56,148.619,148.637
1465,2023-05-09 00:17:56,148.627,148.645
1466,2023-05-09 00:17:57,148.626,148.644
1467,2023-05-09 00:17:58,148.625,148.643
1468,2023-05-09 00:17:58,148.626,148.644
1469,2023-05-09 00:17:58,148.627,148.645
1470,2023-05-09 00:17:58,148.628,148.646
1471,2023-05-09 00:18:00,148.628,148.646
1472,2023-05-09 00:18:01,148.629,148.647
1473,2023-05-09 00:18:01,148.627,148.645
1474,2023-05-09 00:18:03,148.628,148.646
1475,2023-05-09 00:18:04,148.632,148.65
1476,2023-05-09 00:18:04,148.629,148.647
1477,2023-05-09 00:18:04,148.631,148.649
1478,2023-05-09 00:18:04,148.632,148.65
1479,2023-05-09 00:18:05,148.631,148.649
1480,2023-05-09 00:18:07,148.63,148.648
1481,2023-05-09 00:18:07,148.629,148.647
1482,2023-05-09 00:18:08,148.626,148.644
1483,2023-05-09 00:18:08,148.628,148.646
1484,2023-05-09 00:18:09,148.629,148.647
1485,2023-05-09 00:18:10,148.631,148.649
1486,2023-05-09 00:18:11,148.633,148.651
1487,2023-05-09 00:18:12,148.632,148.65
1488,2023-05-09 00:18:12,148.633,148.651
1489,2023-05-09 00:18:12,148.632,148.65
1490,2023-05-09 00:18:15,148.637,148.655
1491,2023-05-09 00:18:15,148.636,148.654
1492,2023-05-09 00:18:16,148.637,148.655
1493,2023-05-09 00:18:17,148.635,148.653
1494,2023-05-09 00:18:17,148.636,148.654
1495,2023-05-09 00:18:18,148.635,148.653
1496,2023-05-09 00:18:21,148.636,148.654
1497,2023-05-09 00:18:27,148.635,148.653
1498,2023-05-09 00:18:28,148.638,148.656
1499,2023-05-09 00:18:28,148.632,148.65
1500,2023-05-09 00:18:28,148.633,148.651
1501,2023-05-09 00:18:29,148.632,148.65
1502,2023-05-09 00:18:29,148.633,148.651
1503,2023-05-09 00:18:30,148.635,148.653
1504,2023-05-09 00:18:32,148.634,148.652
1505,2023-05-09 00:18:32,148.638,148.656
1506,2023-05-09 00:18:32,148.639,148.657
1507,2023-05-09 00:18:32,148.638,148.656
1508,2023-05-09 00:18:34,148.635,148.653
1509,2023-05-09 00:18:36,148.629,148.647
1510,2023-05-09 00:18:38,148.625,148.643
1511,2023-05-09 00:18:38,148.618,148.636
1512,2023-05-09 00:18:38,148.62,148.638
1513,2023-05-09 00:18:39,148.618,148.636
1514,2023-05-09 00:18:40,148.619,148.637
1515,2023-05-09 00:18:42,148.625,148.643
1516,2023-05-09 00:18:43,148.626,148.644
1517,2023-05-09 00:18:45,148.627,148.645
1518,2023-05-09 00:18:46,148.626,148.644
1519,2023-05-09 00:18:47,148.625,148.643
1520,2023-05-09 00:18:47,148.627,148.645
1521,2023-05-09 00:18:48,148.626,148.644
1522,2023-05-09 00:18:48,148.627,148.645
1523,2023-05-09 00:18:53,148.629,148.647
1524,2023-05-09 00:18:53,148.628,148.646
1525,2023-05-09 00:18:54,148.629,148.647
1526,2023-05-09 00:18:54,148.63,148.648
1527,2023-05-09 00:18:55,148.629,148.647
1528,2023-05-09 00:18:57,148.627,148.645
1529,2023-05-09 00:18:57,148.626,148.644
1530,2023-05-09 00:18:58,148.624,148.642
1531,2023-05-09 00:18:58,148.625,148.643
1532,2023-05-09 00:18:59,148.623,148.641
1533,2023-05-09 00:18:59,148.625,148.643
1534,2023-05-09 00:19:00,148.625,148.643
1535,2023-05-09 00:19:01,148.619,148.637
1536,2023-05-09 00:19:02,148.62,148.638
1537,2023-05-09 00:19:02,148.617,148.635
1538,2023-05-09 00:19:02,148.619,148.637
1539,2023-05-09 00:19:03,148.617,148.635
1540,2023-05-09 00:19:05,148.618,148.636
1541,2023-05-09 00:19:06,148.617,148.635
1542,2023-05-09 00:19:06,148.615,148.633
1543,2023-05-09 00:19:09,148.614,148.632
1544,2023-05-09 00:19:09,148.618,148.636
1545,2023-05-09 00:19:10,148.616,148.634
1546,2023-05-09 00:19:10,148.611,148.629
1547,2023-05-09 00:19:11,148.608,148.626
1548,2023-05-09 00:19:12,148.609,148.627
1549,2023-05-09 00:19:13,148.61,148.628
1550,2023-05-09 00:19:14,148.611,148.629
1551,2023-05-09 00:19:15,148.61,148.628
1552,2023-05-09 00:19:18,148.608,148.626
1553,2023-05-09 00:19:18,148.616,148.634
1554,2023-05-09 00:19:18,148.614,148.632
1555,2023-05-09 00:19:19,148.613,148.631
1556,2023-05-09 00:19:20,148.612,148.63
1557,2023-05-09 00:19:21,148.613,148.631
1558,2023-05-09 00:19:22,148.612,148.63
1559,2023-05-09 00:19:22,148.613,148.631
1560,2023-05-09 00:19:22,148.614,148.632
1561,2023-05-09 00:19:23,148.616,148.634
1562,2023-05-09 00:19:26,148.615,148.633
1563,2023-05-09 00:19:27,148.616,148.634
1564,2023-05-09 00:19:28,148.617,148.635
1565,2023-05-09 00:19:29,148.616,148.634
1566,2023-05-09 00:19:29,148.615,148.633
1567,2023-05-09 00:19:29,148.614,148.632
1568,2023-05-09 00:19:29,148.617,148.635
1569,2023-05-09 00:19:30,148.61,148.628
1570,2023-05-09 00:19:30,148.606,148.624
1571,2023-05-09 00:19:31,148.601,148.619
1572,2023-05-09 00:19:32,148.602,148.62
1573,2023-05-09 00:19:34,148.6,148.618
1574,2023-05-09 00:19:34,148.601,148.619
1575,2023-05-09 00:19:36,148.595,148.613
1576,2023-05-09 00:19:36,148.59,148.608
1577,2023-05-09 00:19:36,148.592,148.61
1578,2023-05-09 00:19:36,148.591,148.609
1579,2023-05-09 00:19:38,148.59,148.608
1580,2023-05-09 00:19:39,148.591,148.609
1581,2023-05-09 00:19:39,148.593,148.611
1582,2023-05-09 00:19:39,148.592,148.61
1583,2023-05-09 00:19:40,148.593,148.611
1584,2023-05-09 00:19:40,148.591,148.609
1585,2023-05-09 00:19:41,148.59,148.608
1586,2023-05-09 00:19:41,148.593,148.611
1587,2023-05-09 00:19:41,148.596,148.614
1588,2023-05-09 00:19:42,148.597,148.615
1589,2023-05-09 00:19:42,148.595,148.613
1590,2023-05-09 00:19:42,148.594,148.612
1591,2023-05-09 00:19:43,148.593,148.611
1592,2023-05-09 00:19:44,148.592,148.61
1593,2023-05-09 00:19:44,148.595,148.613
1594,2023-05-09 00:19:46,148.594,148.612
1595,2023-05-09 00:19:48,148.595,148.613
1596,2023-05-09 00:19:48,148.594,148.612
1597,2023-05-09 00:19:49,148.603,148.621
1598,2023-05-09 00:19:55,148.601,148.619
1599,2023-05-09 00:19:55,148.602,148.62
1600,2023-05-09 00:19:56,148.601,148.619
1601,2023-05-09 00:19:56,148.602,148.62
1602,2023-05-09 00:19:57,148.601,148.619
1603,2023-05-09 00:19:58,148.599,148.617
1604,2023-05-09 00:19:58,148.598,148.616
1605,2023-05-09 00:19:59,148.596,148.614
1606,2023-05-09 00:19:59,148.592,148.61
1607,2023-05-09 00:20:00,148.59,148.608
1608,2023-05-09 00:20:00,148.593,148.611
1609,2023-05-09 00:20:01,148.594,148.612
1610,2023-05-09 00:20:02,148.595,148.613
1611,2023-05-09 00:20:03,148.594,148.612
1612,2023-05-09 00:20:03,148.592,148.61
1613,2023-05-09 00:20:03,148.593,148.611
1614,2023-05-09 00:20:04,148.595,148.613
1615,2023-05-09 00:20:04,148.605,148.623
1616,2023-05-09 00:20:05,148.606,148.624
1617,2023-05-09 00:20:05,148.607,148.625
1618,2023-05-09 00:20:05,148.608,148.626
1619,2023-05-09 00:20:08,148.611,148.629
1620,2023-05-09 00:20:15,148.608,148.626
1621,2023-05-09 00:20:15,148.606,148.624
1622,2023-05-09 00:20:16,148.607,148.625
1623,2023-05-09 00:20:16,148.608,148.626
1624,2023-05-09 00:20:19,148.607,148.625
1625,2023-05-09 00:20:20,148.609,148.627
1626,2023-05-09 00:20:20,148.608,148.626
1627,2023-05-09 00:20:21,148.607,148.625
1628,2023-05-09 00:20:21,148.608,148.626
1629,2023-05-09 00:20:22,148.609,148.627
1630,2023-05-09 00:20:23,148.608,148.626
1631,2023-05-09 00:20:24,148.609,148.627
1632,2023-05-09 00:20:24,148.608,148.626
1633,2023-05-09 00:20:25,148.606,148.624
1634,2023-05-09 00:20:25,148.603,148.621
1635,2023-05-09 00:20:25,148.604,148.622
1636,2023-05-09 00:20:28,148.605,148.623
1637,2023-05-09 00:20:28,148.608,148.626
1638,2023-05-09 00:20:28,148.609,148.627
1639,2023-05-09 00:20:29,148.61,148.628
1640,2023-05-09 00:20:29,148.611,148.629
1641,2023-05-09 00:20:29,148.609,148.627
1642,2023-05-09 00:20:32,148.608,148.626
1643,2023-05-09 00:20:32,148.609,148.627
1644,2023-05-09 00:20:33,148.614,148.632
1645,2023-05-09 00:20:33,148.611,148.629
1646,2023-05-09 00:20:39,148.61,148.628
1647,2023-05-09 00:20:40,148.609,148.627
1648,2023-05-09 00:20:41,148.612,148.63
1649,2023-05-09 00:20:42,148.613,148.631
1650,2023-05-09 00:20:43,148.616,148.634
1651,2023-05-09 00:20:43,148.615,148.633
1652,2023-05-09 00:20:45,148.616,148.634
1653,2023-05-09 00:20:46,148.615,148.633
1654,2023-05-09 00:20:47,148.614,148.632
1655,2023-05-09 00:20:47,148.615,148.633
1656,2023-05-09 00:20:48,148.614,148.632
1657,2023-05-09 00:20:51,148.619,148.637
1658,2023-05-09 00:20:52,148.62,148.638
1659,2023-05-09 00:20:53,148.621,148.639
1660,2023-05-09 00:20:54,148.625,148.643
1661,2023-05-09 00:20:54,148.626,148.644
1662,2023-05-09 00:20:55,148.622,148.64
1663,2023-05-09 00:20:55,148.623,148.641
1664,2023-05-09 00:20:56,148.624,148.642
1665,2023-05-09 00:20:57,148.623,148.641
1666,2023-05-09 00:20:58,148.624,148.642
1667,2023-05-09 00:20:58,148.627,148.645
1668,2023-05-09 00:20:58,148.626,148.644
1669,2023-05-09 00:20:59,148.627,148.645
1670,2023-05-09 00:21:00,148.627,148.645
1671,2023-05-09 00:21:00,148.63,148.648
1672,2023-05-09 00:21:01,148.631,148.649
1673,2023-05-09 00:21:03,148.632,148.65
1674,2023-05-09 00:21:04,148.633,148.651
1675,2023-05-09 00:21:05,148.632,148.65
1676,2023-05-09 00:21:06,148.633,148.651
1677,2023-05-09 00:21:06,148.632,148.65
1678,2023-05-09 00:21:07,148.633,148.651
1679,2023-05-09 00:21:07,148.637,148.655
1680,2023-05-09 00:21:08,148.636,148.654
1681,2023-05-09 00:21:10,148.635,148.653
1682,2023-05-09 00:21:10,148.636,148.654
1683,2023-05-09 00:21:11,148.637,148.655
1684,2023-05-09 00:21:12,148.638,148.656
1685,2023-05-09 00:21:13,148.637,148.655
1686,2023-05-09 00:21:15,148.642,148.66
1687,2023-05-09 00:21:16,148.641,148.659
1688,2023-05-09 00:21:16,148.636,148.654
1689,2023-05-09 00:21:17,148.637,148.655
1690,2023-05-09 00:21:17,148.639,148.657
1691,2023-05-09 00:21:17,148.637,148.655
1692,2023-05-09 00:21:17,148.638,148.656
1693,2023-05-09 00:21:18,148.64,148.658
1694,2023-05-09 00:21:18,148.639,148.657
1695,2023-05-09 00:21:20,148.64,148.658
1696,2023-05-09 00:21:20,148.641,148.659
1697,2023-05-09 00:21:22,148.644,148.662
1698,2023-05-09 00:21:24,148.645,148.663
1699,2023-05-09 00:21:25,148.646,148.664
1700,2023-05-09 00:21:25,148.647,148.665
1701,2023-05-09 00:21:26,148.645,148.663
1702,2023-05-09 00:21:26,148.644,148.662
1703,2023-05-09 00:21:29,148.645,148.663
1704,2023-05-09 00:21:30,148.644,148.662
1705,2023-05-09 00:21:31,148.646,148.664
1706,2023-05-09 00:21:31,148.647,148.665
1707,2023-05-09 00:21:31,148.648,148.666
1708,2023-05-09 00:21:34,148.649,148.667
1709,2023-05-09 00:21:36,148.648,148.666
1710,2023-05-09 00:21:36,148.646,148.664
1711,2023-05-09 00:21:36,148.645,148.663
1712,2023-05-09 00:21:36,148.644,148.662
1713,2023-05-09 00:21:37,148.645,148.663
1714,2023-05-09 00:21:37,148.646,148.664
1715,2023-05-09 00:21:38,148.647,148.665
1716,2023-05-09 00:21:41,148.648,148.666
1717,2023-05-09 00:21:44,148.647,148.665
1718,2023-05-09 00:21:45,148.648,148.666
1719,2023-05-09 00:21:45,148.647,148.665
1720,2023-05-09 00:21:46,148.648,148.666
1721,2023-05-09 00:21:46,148.647,148.665
1722,2023-05-09 00:21:47,148.648,148.666
1723,2023-05-09 00:21:56,148.647,148.665
1724,2023-05-09 00:21:56,148.648,148.666
1725,2023-05-09 00:22:00,148.648,148.666
1726,2023-05-09 00:22:00,148.647,148.665
1727,2023-05-09 00:22:01,148.646,148.664
1728,2023-05-09 00:22:02,148.641,148.659
1729,2023-05-09 00:22:02,148.645,148.663
1730,2023-05-09 00:22:02,148.646,148.664
1731,2023-05-09 00:22:03,148.644,148.662
1732,2023-05-09 00:22:03,148.646,148.664
1733,2023-05-09 00:22:03,148.647,148.665
1734,2023-05-09 00:22:05,148.646,148.664
1735,2023-05-09 00:22:06,148.647,148.665
1736,2023-05-09 00:22:06,148.645,148.663
1737,2023-05-09 00:22:06,148.646,148.664
1738,2023-05-09 00:22:07,148.643,148.661
1739,2023-05-09 00:22:07,148.648,148.666
1740,2023-05-09 00:22:08,148.647,148.665
1741,2023-05-09 00:22:08,148.646,148.664
1742,2023-05-09 00:22:09,148.645,148.663
1743,2023-05-09 00:22:09,148.646,148.664
1744,2023-05-09 00:22:10,148.648,148.666
1745,2023-05-09 00:22:10,148.646,148.664
1746,2023-05-09 00:22:13,148.647,148.665
1747,2023-05-09 00:22:14,148.648,148.666
1748,2023-05-09 00:22:15,148.647,148.665
1749,2023-05-09 00:22:17,148.646,148.664
1750,2023-05-09 00:22:20,148.648,148.666
1751,2023-05-09 00:22:20,148.645,148.663
1752,2023-05-09 00:22:21,148.647,148.665
1753,2023-05-09 00:22:21,148.646,148.664
1754,2023-05-09 00:22:25,148.645,148.663
1755,2023-05-09 00:22:27,148.649,148.667
1756,2023-05-09 00:22:27,148.648,148.666
1757,2023-05-09 00:22:28,148.649,148.667
1758,2023-05-09 00:22:30,148.653,148.671
1759,2023-05-09 00:22:31,148.655,148.673
1760,2023-05-09 00:22:31,148.661,148.679
1761,2023-05-09 00:22:31,148.659,148.677
1762,2023-05-09 00:22:32,148.658,148.676
1763,2023-05-09 00:22:36,148.657,148.675
1764,2023-05-09 00:22:37,148.654,148.672
1765,2023-05-09 00:22:37,148.653,148.671
1766,2023-05-09 00:22:37,148.652,148.67
1767,2023-05-09 00:22:38,148.653,148.671
1768,2023-05-09 00:22:40,148.652,148.67
1769,2023-05-09 00:22:41,148.654,148.672
1770,2023-05-09 00:22:41,148.656,148.674
1771,2023-05-09 00:22:43,148.655,148.673
1772,2023-05-09 00:22:43,148.654,148.672
1773,2023-05-09 00:22:44,148.655,148.673
1774,2023-05-09 00:22:46,148.651,148.669
1775,2023-05-09 00:22:47,148.647,148.665
1776,2023-05-09 00:22:47,148.643,148.661
1777,2023-05-09 00:22:47,148.641,148.659
1778,2023-05-09 00:22:48,148.64,148.658
1779,2023-05-09 00:22:49,148.643,148.661
1780,2023-05-09 00:22:50,148.644,148.662
1781,2023-05-09 00:22:51,148.642,148.66
1782,2023-05-09 00:22:53,148.641,148.659
1783,2023-05-09 00:22:53,148.642,148.66
1784,2023-05-09 00:22:54,148.643,148.661
1785,2023-05-09 00:22:56,148.641,148.659
1786,2023-05-09 00:22:57,148.638,148.656
1787,2023-05-09 00:23:00,148.638,148.656
1788,2023-05-09 00:23:01,148.637,148.655
1789,2023-05-09 00:23:07,148.636,148.654
1790,2023-05-09 00:23:07,148.635,148.653
1791,2023-05-09 00:23:07,148.638,148.656
1792,2023-05-09 00:23:08,148.637,148.655
1793,2023-05-09 00:23:09,148.636,148.654
1794,2023-05-09 00:23:10,148.638,148.656
1795,2023-05-09 00:23:11,148.637,148.655
1796,2023-05-09 00:23:12,148.635,148.653
1797,2023-05-09 00:23:13,148.637,148.655
1798,2023-05-09 00:23:14,148.631,148.649
1799,2023-05-09 00:23:14,148.626,148.644
1800,2023-05-09 00:23:14,148.622,148.64
1801,2023-05-09 00:23:15,148.623,148.641
1802,2023-05-09 00:23:15,148.622,148.64
1803,2023-05-09 00:23:15,148.623,148.641
1804,2023-05-09 00:23:16,148.622,148.64
1805,2023-05-09 00:23:17,148.623,148.641
1806,2023-05-09 00:23:17,148.625,148.643
1807,2023-05-09 00:23:18,148.627,148.645
1808,2023-05-09 00:23:18,148.626,148.644
1809,2023-05-09 00:23:19,148.628,148.646
1810,2023-05-09 00:23:19,148.633,148.651
1811,2023-05-09 00:23:20,148.634,148.652
1812,2023-05-09 00:23:20,148.633,148.651
1813,2023-05-09 00:23:21,148.638,148.656
1814,2023-05-09 00:23:22,148.636,148.654
1815,2023-05-09 00:23:22,148.635,148.653
1816,2023-05-09 00:23:25,148.634,148.652
1817,2023-05-09 00:23:26,148.635,148.653
1818,2023-05-09 00:23:26,148.636,148.654
1819,2023-05-09 00:23:26,148.635,148.653
1820,2023-05-09 00:23:26,148.634,148.652
1821,2023-05-09 00:23:27,148.637,148.655
1822,2023-05-09 00:23:27,148.635,148.653
1823,2023-05-09 00:23:27,148.633,148.651
1824,2023-05-09 00:23:27,148.632,148.65
1825,2023-05-09 00:23:29,148.634,148.652
1826,2023-05-09 00:23:29,148.632,148.65
1827,2023-05-09 00:23:30,148.63,148.648
1828,2023-05-09 00:23:30,148.628,148.646
1829,2023-05-09 00:23:30,148.63,148.648
1830,2023-05-09 00:23:33,148.628,148.646
1831,2023-05-09 00:23:33,148.63,148.648
1832,2023-05-09 00:23:33,148.629,148.647
1833,2023-05-09 00:23:35,148.63,148.648
1834,2023-05-09 00:23:36,148.629,148.647
1835,2023-05-09 00:23:37,148.632,148.65
1836,2023-05-09 00:23:37,148.634,148.652
1837,2023-05-09 00:23:40,148.633,148.651
1838,2023-05-09 00:23:41,148.635,148.653
1839,2023-05-09 00:23:43,148.636,148.654
1840,2023-05-09 00:23:47,148.634,148.652
1841,2023-05-09 00:23:48,148.632,148.65
1842,2023-05-09 00:23:49,148.633,148.651
1843,2023-05-09 00:23:50,148.627,148.645
1844,2023-05-09 00:23:51,148.626,148.644
1845,2023-05-09 00:23:51,148.625,148.643
1846,2023-05-09 00:23:51,148.626,148.644
1847,2023-05-09 00:23:52,148.627,148.645
1848,2023-05-09 00:23:53,148.628,148.646
1849,2023-05-09 00:23:55,148.627,148.645
1850,2023-05-09 00:23:55,148.629,148.647
1851,2023-05-09 00:23:55,148.627,148.645
1852,2023-05-09 00:23:56,148.625,148.643
1853,2023-05-09 00:23:57,148.626,148.644
1854,2023-05-09 00:24:00,148.627,148.645
1855,2023-05-09 00:24:00,148.626,148.644
1856,2023-05-09 00:24:01,148.627,148.645
1857,2023-05-09 00:24:01,148.628,148.646
1858,2023-05-09 00:24:01,148.627,148.645
1859,2023-05-09 00:24:02,148.626,148.644
1860,2023-05-09 00:24:03,148.627,148.645
1861,2023-05-09 00:24:03,148.626,148.644
1862,2023-05-09 00:24:03,148.625,148.643
1863,2023-05-09 00:24:05,148.626,148.644
1864,2023-05-09 00:24:06,148.627,148.645
1865,2023-05-09 00:24:07,148.624,148.642
1866,2023-05-09 00:24:08,148.623,148.641
1867,2023-05-09 00:24:10,148.625,148.643
1868,2023-05-09 00:24:11,148.623,148.641
1869,2023-05-09 00:24:13,148.624,148.642
1870,2023-05-09 00:24:14,148.622,148.64
1871,2023-05-09 00:24:14,148.623,148.641
1872,2023-05-09 00:24:15,148.625,148.643
1873,2023-05-09 00:24:16,148.621,148.639
1874,2023-05-09 00:24:17,148.622,148.64
1875,2023-05-09 00:24:17,148.623,148.641
1876,2023-05-09 00:24:18,148.622,148.64
1877,2023-05-09 00:24:18,148.621,148.639
1878,2023-05-09 00:24:20,148.622,148.64
1879,2023-05-09 00:24:22,148.624,148.642
1880,2023-05-09 00:24:22,148.625,148.643
1881,2023-05-09 00:24:22,148.624,148.642
1882,2023-05-09 00:24:23,148.625,148.643
1883,2023-05-09 00:24:23,148.62,148.638
1884,2023-05-09 00:24:23,148.621,148.639
1885,2023-05-09 00:24:24,148.619,148.637
1886,2023-05-09 00:24:27,148.618,148.636
1887,2023-05-09 00:24:28,148.62,148.638
1888,2023-05-09 00:24:28,148.618,148.636
1889,2023-05-09 00:24:28,148.62,148.638
1890,2023-05-09 00:24:29,148.619,148.637
1891,2023-05-09 00:24:31,148.623,148.641
1892,2023-05-09 00:24:32,148.618,148.636
1893,2023-05-09 00:24:32,148.619,148.637
1894,2023-05-09 00:24:33,148.62,148.638
1895,2023-05-09 00:24:34,148.621,148.639
1896,2023-05-09 00:24:34,148.622,148.64
1897,2023-05-09 00:24:35,148.62,148.638
1898,2023-05-09 00:24:36,148.621,148.639
1899,2023-05-09 00:24:37,148.625,148.643
1900,2023-05-09 00:24:38,148.624,148.642
1901,2023-05-09 00:24:38,148.625,148.643
1902,2023-05-09 00:24:39,148.627,148.645
1903,2023-05-09 00:24:39,148.626,148.644
1904,2023-05-09 00:24:39,148.627,148.645
1905,2023-05-09 00:24:40,148.626,148.644
1906,2023-05-09 00:24:40,148.624,148.642
1907,2023-05-09 00:24:41,148.625,148.643
1908,2023-05-09 00:24:41,148.626,148.644
1909,2023-05-09 00:24:42,148.63,148.648
1910,2023-05-09 00:24:43,148.628,148.646
1911,2023-05-09 00:24:43,148.627,148.645
1912,2023-05-09 00:24:44,148.628,148.646
1913,2023-05-09 00:24:44,148.627,148.645
1914,2023-05-09 00:24:45,148.626,148.644
1915,2023-05-09 00:24:45,148.627,148.645
1916,2023-05-09 00:24:48,148.63,148.648
1917,2023-05-09 00:24:48,148.629,148.647
1918,2023-05-09 00:24:48,148.628,148.646
1919,2023-05-09 00:24:49,148.629,148.647
1920,2023-05-09 00:24:51,148.63,148.648
1921,2023-05-09 00:24:52,148.631,148.649
1922,2023-05-09 00:24:52,148.628,148.646
1923,2023-05-09 00:24:52,148.627,148.645
1924,2023-05-09 00:24:52,148.626,148.644
1925,2023-05-09 00:24:53,148.627,148.645
1926,2023-05-09 00:24:54,148.628,148.646
1927,2023-05-09 00:24:56,148.627,148.645
1928,2023-05-09 00:24:57,148.626,148.644
1929,2023-05-09 00:24:58,148.625,148.643
1930,2023-05-09 00:24:58,148.626,148.644
1931,2023-05-09 00:24:59,148.625,148.643
1932,2023-05-09 00:25:00,148.625,148.643
1933,2023-05-09 00:25:01,148.626,148.644
1934,2023-05-09 00:25:02,148.625,148.643
1935,2023-05-09 00:25:04,148.626,148.644
1936,2023-05-09 00:25:04,148.621,148.639
1937,2023-05-09 00:25:05,148.626,148.644
1938,2023-05-09 00:25:05,148.627,148.645
1939,2023-05-09 00:25:07,148.628,148.646
1940,2023-05-09 00:25:08,148.635,148.653
1941,2023-05-09 00:25:09,148.637,148.655
1942,2023-05-09 00:25:09,148.636,148.654
1943,2023-05-09 00:25:10,148.637,148.655
1944,2023-05-09 00:25:11,148.636,148.654
1945,2023-05-09 00:25:11,148.635,148.653
1946,2023-05-09 00:25:12,148.633,148.651
1947,2023-05-09 00:25:13,148.629,148.647
1948,2023-05-09 00:25:14,148.63,148.648
1949,2023-05-09 00:25:14,148.628,148.646
1950,2023-05-09 00:25:14,148.63,148.648
1951,2023-05-09 00:25:15,148.629,148.647
1952,2023-05-09 00:25:15,148.63,148.648
1953,2023-05-09 00:25:15,148.632,148.65
1954,2023-05-09 00:25:16,148.633,148.651
1955,2023-05-09 00:25:17,148.629,148.647
1956,2023-05-09 00:25:18,148.628,148.646
1957,2023-05-09 00:25:19,148.63,148.648
1958,2023-05-09 00:25:19,148.633,148.651
1959,2023-05-09 00:25:19,148.631,148.649
1960,2023-05-09 00:25:20,148.633,148.651
1961,2023-05-09 00:25:21,148.634,148.652
1962,2023-05-09 00:25:22,148.633,148.651
1963,2023-05-09 00:25:26,148.634,148.652
1964,2023-05-09 00:25:27,148.633,148.651
1965,2023-05-09 00:25:27,148.635,148.653
1966,2023-05-09 00:25:27,148.637,148.655
1967,2023-05-09 00:25:28,148.635,148.653
1968,2023-05-09 00:25:28,148.633,148.651
1969,2023-05-09 00:25:29,148.634,148.652
1970,2023-05-09 00:25:29,148.633,148.651
1971,2023-05-09 00:25:29,148.631,148.649
1972,2023-05-09 00:25:29,148.633,148.651
1973,2023-05-09 00:25:30,148.634,148.652
1974,2023-05-09 00:25:32,148.631,148.649
1975,2023-05-09 00:25:34,148.635,148.653
1976,2023-05-09 00:25:39,148.636,148.654
1977,2023-05-09 00:25:39,148.633,148.651
1978,2023-05-09 00:25:40,148.635,148.653
1979,2023-05-09 00:25:40,148.634,148.652
1980,2023-05-09 00:25:41,148.632,148.65
1981,2023-05-09 00:25:41,148.631,148.649
1982,2023-05-09 00:25:44,148.634,148.652
1983,2023-05-09 00:25:44,148.635,148.653
1984,2023-05-09 00:25:45,148.634,148.652
1985,2023-05-09 00:25:46,148.631,148.649
1986,2023-05-09 00:25:48,148.634,148.652
1987,2023-05-09 00:25:48,148.63,148.648
1988,2023-05-09 00:25:48,148.628,148.646
1989,2023-05-09 00:25:49,148.629,148.647
1990,2023-05-09 00:25:51,148.632,148.65
1991,2023-05-09 00:25:51,148.629,148.647
1992,2023-05-09 00:25:51,148.63,148.648
1993,2023-05-09 00:25:52,148.629,148.647
1994,2023-05-09 00:25:52,148.63,148.648
1995,2023-05-09 00:25:53,148.638,148.656
1996,2023-05-09 00:25:54,148.639,148.657
1997,2023-05-09 00:25:55,148.638,148.656
1998,2023-05-09 00:26:00,148.639,148.657
1999,2023-05-09 00:26:00,148.638,148.656
2000,2023-05-09 00:26:01,148.637,148.655
2001,2023-05-09 00:26:02,148.638,148.656
2002,2023-05-09 00:26:04,148.639,148.657
2003,2023-05-09 00:26:04,148.638,148.656
2004,2023-05-09 00:26:08,148.639,148.657
2005,2023-05-09 00:26:08,148.638,148.656
2006,2023-05-09 00:26:09,148.642,148.66
2007,2023-05-09 00:26:09,148.645,148.663
2008,2023-05-09 00:26:10,148.633,148.651
2009,2023-05-09 00:26:10,148.628,148.646
2010,2023-05-09 00:26:12,148.629,148.647
2011,2023-05-09 00:26:12,148.633,148.651
2012,2023-05-09 00:26:12,148.632,148.65
2013,2023-05-09 00:26:14,148.634,148.652
2014,2023-05-09 00:26:15,148.635,148.653
2015,2023-05-09 00:26:15,148.634,148.652
2016,2023-05-09 00:26:16,148.635,148.653
2017,2023-05-09 00:26:18,148.636,148.654
2018,2023-05-09 00:26:19,148.635,148.653
2019,2023-05-09 00:26:20,148.636,148.654
2020,2023-05-09 00:26:20,148.634,148.652
2021,2023-05-09 00:26:20,148.628,148.646
2022,2023-05-09 00:26:20,148.627,148.645
2023,2023-05-09 00:26:25,148.626,148.644
2024,2023-05-09 00:26:26,148.632,148.65
2025,2023-05-09 00:26:26,148.628,148.646
2026,2023-05-09 00:26:30,148.627,148.645
2027,2023-05-09 00:26:30,148.628,148.646
2028,2023-05-09 00:26:30,148.624,148.642
2029,2023-05-09 00:26:31,148.628,148.646
2030,2023-05-09 00:26:34,148.633,148.651
2031,2023-05-09 00:26:36,148.628,148.646
2032,2023-05-09 00:26:37,148.621,148.639
2033,2023-05-09 00:26:38,148.625,148.643
2034,2023-05-09 00:26:38,148.624,148.642
2035,2023-05-09 00:26:38,148.619,148.637
2036,2023-05-09 00:26:39,148.62,148.638
2037,2023-05-09 00:26:40,148.618,148.636
2038,2023-05-09 00:26:41,148.619,148.637
2039,2023-05-09 00:26:41,148.614,148.632
2040,2023-05-09 00:26:42,148.615,148.633
2041,2023-05-09 00:26:46,148.611,148.629
2042,2023-05-09 00:26:47,148.607,148.625
2043,2023-05-09 00:26:47,148.605,148.623
2044,2023-05-09 00:26:48,148.604,148.622
2045,2023-05-09 00:26:49,148.605,148.623
2046,2023-05-09 00:26:49,148.607,148.625
2047,2023-05-09 00:26:50,148.608,148.626
2048,2023-05-09 00:26:50,148.609,148.627
2049,2023-05-09 00:26:51,148.607,148.625
2050,2023-05-09 00:26:51,148.61,148.628
2051,2023-05-09 00:26:51,148.608,148.626
2052,2023-05-09 00:26:52,148.609,148.627
2053,2023-05-09 00:26:52,148.61,148.628
2054,2023-05-09 00:26:53,148.609,148.627
2055,2023-05-09 00:26:54,148.61,148.628
2056,2023-05-09 00:26:54,148.611,148.629
2057,2023-05-09 00:26:54,148.61,148.628
2058,2023-05-09 00:26:56,148.611,148.629
2059,2023-05-09 00:26:57,148.61,148.628
2060,2023-05-09 00:26:57,148.611,148.629
2061,2023-05-09 00:27:00,148.611,148.629
2062,2023-05-09 00:27:00,148.61,148.628
2063,2023-05-09 00:27:01,148.609,148.627
2064,2023-05-09 00:27:01,148.611,148.629
2065,2023-05-09 00:27:01,148.61,148.628
2066,2023-05-09 00:27:02,148.609,148.627
2067,2023-05-09 00:27:03,148.61,148.628
2068,2023-05-09 00:27:04,148.609,148.627
2069,2023-05-09 00:27:04,148.611,148.629
2070,2023-05-09 00:27:05,148.61,148.628
2071,2023-05-09 00:27:06,148.611,148.629
2072,2023-05-09 00:27:06,148.61,148.628
2073,2023-05-09 00:27:09,148.609,148.627
2074,2023-05-09 00:27:09,148.608,148.626
2075,2023-05-09 00:27:10,148.609,148.627
2076,2023-05-09 00:27:10,148.611,148.629
2077,2023-05-09 00:27:10,148.61,148.628
2078,2023-05-09 00:27:11,148.608,148.626
2079,2023-05-09 00:27:11,148.607,148.625
2080,2023-05-09 00:27:13,148.608,148.626
2081,2023-05-09 00:27:17,148.61,148.628
2082,2023-05-09 00:27:18,148.609,148.627
2083,2023-05-09 00:27:21,148.607,148.625
2084,2023-05-09 00:27:22,148.606,148.624
2085,2023-05-09 00:27:22,148.605,148.623
2086,2023-05-09 00:27:29,148.61,148.628
2087,2023-05-09 00:27:29,148.606,148.624
2088,2023-05-09 00:27:29,148.604,148.622
2089,2023-05-09 00:27:30,148.605,148.623
2090,2023-05-09 00:27:30,148.604,148.622
2091,2023-05-09 00:27:32,148.606,148.624
2092,2023-05-09 00:27:32,148.608,148.626
2093,2023-05-09 00:27:33,148.609,148.627
2094,2023-05-09 00:27:35,148.61,148.628
2095,2023-05-09 00:27:37,148.611,148.629
2096,2023-05-09 00:27:38,148.61,148.628
2097,2023-05-09 00:27:39,148.609,148.627
2098,2023-05-09 00:27:39,148.61,148.628
2099,2023-05-09 00:27:41,148.607,148.625
2100,2023-05-09 00:27:42,148.603,148.621
2101,2023-05-09 00:27:42,148.602,148.62
2102,2023-05-09 00:27:46,148.603,148.621
2103,2023-05-09 00:27:47,148.602,148.62
2104,2023-05-09 00:27:48,148.603,148.621
2105,2023-05-09 00:27:55,148.609,148.627
2106,2023-05-09 00:27:56,148.612,148.63
2107,2023-05-09 00:27:56,148.613,148.631
2108,2023-05-09 00:27:57,148.61,148.628
2109,2023-05-09 00:27:57,148.609,148.627
2110,2023-05-09 00:27:59,148.61,148.628
2111,2023-05-09 00:28:00,148.608,148.626
2112,2023-05-09 00:28:00,148.609,148.627
2113,2023-05-09 00:28:00,148.608,148.626
2114,2023-05-09 00:28:01,148.609,148.627
2115,2023-05-09 00:28:01,148.608,148.626
2116,2023-05-09 00:28:02,148.609,148.627
2117,2023-05-09 00:28:04,148.613,148.631
2118,2023-05-09 00:28:04,148.611,148.629
2119,2023-05-09 00:28:05,148.61,148.628
2120,2023-05-09 00:28:07,148.611,148.629
2121,2023-05-09 00:28:11,148.608,148.626
2122,2023-05-09 00:28:12,148.607,148.625
2123,2023-05-09 00:28:12,148.606,148.624
2124,2023-05-09 00:28:13,148.607,148.625
2125,2023-05-09 00:28:14,148.609,148.627
2126,2023-05-09 00:28:14,148.606,148.624
2127,2023-05-09 00:28:16,148.607,148.625
2128,2023-05-09 00:28:16,148.606,148.624
2129,2023-05-09 00:28:17,148.611,148.629
2130,2023-05-09 00:28:17,148.612,148.63
2131,2023-05-09 00:28:19,148.613,148.631
2132,2023-05-09 00:28:22,148.611,148.629
2133,2023-05-09 00:28:22,148.614,148.632
2134,2023-05-09 00:28:23,148.62,148.638
2135,2023-05-09 00:28:24,148.623,148.641
2136,2023-05-09 00:28:24,148.624,148.642
2137,2023-05-09 00:28:25,148.632,148.65
2138,2023-05-09 00:28:26,148.638,148.656
2139,2023-05-09 00:28:26,148.637,148.655
2140,2023-05-09 00:28:27,148.638,148.656
2141,2023-05-09 00:28:28,148.637,148.655
2142,2023-05-09 00:28:29,148.636,148.654
2143,2023-05-09 00:28:30,148.635,148.653
2144,2023-05-09 00:28:32,148.634,148.652
2145,2023-05-09 00:28:35,148.633,148.651
2146,2023-05-09 00:28:36,148.636,148.654
2147,2023-05-09 00:28:39,148.634,148.652
2148,2023-05-09 00:28:42,148.635,148.653
2149,2023-05-09 00:28:42,148.632,148.65
2150,2023-05-09 00:28:43,148.639,148.657
2151,2023-05-09 00:28:43,148.64,148.658
2152,2023-05-09 00:28:44,148.639,148.657
2153,2023-05-09 00:28:46,148.637,148.655
2154,2023-05-09 00:28:46,148.639,148.657
2155,2023-05-09 00:28:48,148.638,148.656
2156,2023-05-09 00:28:50,148.637,148.655
2157,2023-05-09 00:28:50,148.638,148.656
2158,2023-05-09 00:28:53,148.637,148.655
2159,2023-05-09 00:28:54,148.638,148.656
2160,2023-05-09 00:28:58,148.637,148.655
2161,2023-05-09 00:29:00,148.637,148.655
2162,2023-05-09 00:29:00,148.639,148.657
2163,2023-05-09 00:29:01,148.64,148.658
2164,2023-05-09 00:29:01,148.641,148.659
2165,2023-05-09 00:29:03,148.646,148.664
2166,2023-05-09 00:29:04,148.644,148.662
2167,2023-05-09 00:29:04,148.646,148.664
2168,2023-05-09 00:29:05,148.647,148.665
2169,2023-05-09 00:29:08,148.646,148.664
2170,2023-05-09 00:29:09,148.647,148.665
2171,2023-05-09 00:29:11,148.656,148.674
2172,2023-05-09 00:29:12,148.655,148.673
2173,2023-05-09 00:29:15,148.656,148.674
2174,2023-05-09 00:29:16,148.655,148.673
2175,2023-05-09 00:29:16,148.656,148.674
2176,2023-05-09 00:29:18,148.652,148.67
2177,2023-05-09 00:29:19,148.653,148.671
2178,2023-05-09 00:29:19,148.652,148.67
2179,2023-05-09 00:29:19,148.653,148.671
2180,2023-05-09 00:29:20,148.656,148.674
2181,2023-05-09 00:29:20,148.657,148.675
2182,2023-05-09 00:29:20,148.658,148.676
2183,2023-05-09 00:29:21,148.659,148.677
2184,2023-05-09 00:29:21,148.662,148.68
2185,2023-05-09 00:29:22,148.657,148.675
2186,2023-05-09 00:29:22,148.658,148.676
2187,2023-05-09 00:29:22,148.654,148.672
2188,2023-05-09 00:29:23,148.653,148.671
2189,2023-05-09 00:29:25,148.655,148.673
2190,2023-05-09 00:29:27,148.656,148.674
2191,2023-05-09 00:29:30,148.657,148.675
2192,2023-05-09 00:29:36,148.658,148.676
2193,2023-05-09 00:29:38,148.662,148.68
2194,2023-05-09 00:29:38,148.663,148.681
2195,2023-05-09 00:29:38,148.662,148.68
2196,2023-05-09 00:29:39,148.665,148.683
2197,2023-05-09 00:29:39,148.662,148.68
2198,2023-05-09 00:29:39,148.663,148.681
2199,2023-05-09 00:29:43,148.661,148.679
2200,2023-05-09 00:29:47,148.659,148.677
2201,2023-05-09 00:29:53,148.657,148.675
2202,2023-05-09 00:29:53,148.655,148.673
2203,2023-05-09 00:29:53,148.66,148.678
2204,2023-05-09 00:29:55,148.658,148.676
2205,2023-05-09 00:29:57,148.657,148.675
2206,2023-05-09 00:29:59,148.65,148.668
2207,2023-05-09 00:30:00,148.65,148.668
2208,2023-05-09 00:30:00,148.649,148.667
2209,2023-05-09 00:30:01,148.648,148.666
2210,2023-05-09 00:30:01,148.647,148.665
2211,2023-05-09 00:30:02,148.648,148.666
2212,2023-05-09 00:30:03,148.651,148.669
2213,2023-05-09 00:30:03,148.656,148.674
2214,2023-05-09 00:30:04,148.655,148.673
2215,2023-05-09 00:30:04,148.656,148.674
2216,2023-05-09 00:30:06,148.655,148.673
2217,2023-05-09 00:30:07,148.656,148.674
2218,2023-05-09 00:30:07,148.647,148.665
2219,2023-05-09 00:30:08,148.64,148.658
2220,2023-05-09 00:30:09,148.634,148.652
2221,2023-05-09 00:30:10,148.631,148.649
2222,2023-05-09 00:30:12,148.629,148.647
2223,2023-05-09 00:30:12,148.628,148.646
2224,2023-05-09 00:30:13,148.629,148.647
2225,2023-05-09 00:30:14,148.628,148.646
2226,2023-05-09 00:30:14,148.626,148.644
2227,2023-05-09 00:30:15,148.625,148.643
2228,2023-05-09 00:30:15,148.624,148.642
2229,2023-05-09 00:30:15,148.626,148.644
2230,2023-05-09 00:30:16,148.627,148.645
2231,2023-05-09 00:30:17,148.625,148.643
2232,2023-05-09 00:30:18,148.626,148.644
2233,2023-05-09 00:30:18,148.627,148.645
2234,2023-05-09 00:30:18,148.626,148.644
2235,2023-05-09 00:30:19,148.625,148.643
2236,2023-05-09 00:30:19,148.619,148.637
2237,2023-05-09 00:30:19,148.618,148.636
2238,2023-05-09 00:30:20,148.616,148.634
2239,2023-05-09 00:30:20,148.621,148.639
2240,2023-05-09 00:30:21,148.619,148.637
2241,2023-05-09 00:30:21,148.622,148.64
2242,2023-05-09 00:30:21,148.621,148.639
2243,2023-05-09 00:30:22,148.622,148.64
2244,2023-05-09 00:30:23,148.621,148.639
2245,2023-05-09 00:30:23,148.624,148.642
2246,2023-05-09 00:30:23,148.625,148.643
2247,2023-05-09 00:30:24,148.628,148.646
2248,2023-05-09 00:30:24,148.625,148.643
2249,2023-05-09 00:30:24,148.626,148.644
2250,2023-05-09 00:30:25,148.627,148.645
2251,2023-05-09 00:30:26,148.63,148.648
2252,2023-05-09 00:30:28,148.631,148.649
2253,2023-05-09 00:30:28,148.63,148.648
2254,2023-05-09 00:30:29,148.631,148.649
2255,2023-05-09 00:30:29,148.632,148.65
2256,2023-05-09 00:30:30,148.634,148.652
2257,2023-05-09 00:30:30,148.636,148.654
2258,2023-05-09 00:30:31,148.639,148.657
2259,2023-05-09 00:30:32,148.637,148.655
2260,2023-05-09 00:30:33,148.638,148.656
2261,2023-05-09 00:30:33,148.637,148.655
2262,2023-05-09 00:30:35,148.638,148.656
2263,2023-05-09 00:30:40,148.639,148.657
2264,2023-05-09 00:30:40,148.64,148.658
2265,2023-05-09 00:30:42,148.642,148.66
2266,2023-05-09 00:30:46,148.649,148.667
2267,2023-05-09 00:30:46,148.648,148.666
2268,2023-05-09 00:30:47,148.649,148.667
2269,2023-05-09 00:30:47,148.648,148.666
2270,2023-05-09 00:30:49,148.649,148.667
2271,2023-05-09 00:30:56,148.65,148.668
2272,2023-05-09 00:31:00,148.65,148.668
2273,2023-05-09 00:31:00,148.652,148.67
2274,2023-05-09 00:31:01,148.65,148.668
2275,2023-05-09 00:31:02,148.649,148.667
2276,2023-05-09 00:31:03,148.651,148.669
2277,2023-05-09 00:31:03,148.65,148.668
2278,2023-05-09 00:31:04,148.651,148.669
2279,2023-05-09 00:31:05,148.649,148.667
2280,2023-05-09 00:31:06,148.65,148.668
2281,2023-05-09 00:31:08,148.651,148.669
2282,2023-05-09 00:31:09,148.652,148.67
2283,2023-05-09 00:31:10,148.651,148.669
2284,2023-05-09 00:31:14,148.647,148.665
2285,2023-05-09 00:31:14,148.652,148.67
2286,2023-05-09 00:31:14,148.657,148.675
2287,2023-05-09 00:31:15,148.658,148.676
2288,2023-05-09 00:31:16,148.659,148.677
2289,2023-05-09 00:31:16,148.658,148.676
2290,2023-05-09 00:31:18,148.657,148.675
2291,2023-05-09 00:31:19,148.659,148.677
2292,2023-05-09 00:31:19,148.658,148.676
2293,2023-05-09 00:31:19,148.659,148.677
2294,2023-05-09 00:31:20,148.658,148.676
2295,2023-05-09 00:31:20,148.657,148.675
2296,2023-05-09 00:31:22,148.658,148.676
2297,2023-05-09 00:31:24,148.657,148.675
2298,2023-05-09 00:31:24,148.658,148.676
2299,2023-05-09 00:31:25,148.659,148.677
2300,2023-05-09 00:31:25,148.658,148.676
2301,2023-05-09 00:31:33,148.659,148.677
2302,2023-05-09 00:31:34,148.658,148.676
2303,2023-05-09 00:31:34,148.657,148.675
2304,2023-05-09 00:31:35,148.658,148.676
2305,2023-05-09 00:31:35,148.656,148.674
2306,2023-05-09 00:31:38,148.655,148.673
2307,2023-05-09 00:31:40,148.656,148.674
2308,2023-05-09 00:31:41,148.655,148.673
2309,2023-05-09 00:31:41,148.647,148.665
2310,2023-05-09 00:31:42,148.646,148.664
2311,2023-05-09 00:31:42,148.643,148.661
2312,2023-05-09 00:31:42,148.646,148.664
2313,2023-05-09 00:31:43,148.645,148.663
2314,2023-05-09 00:31:43,148.644,148.662
2315,2023-05-09 00:31:44,148.643,148.661
2316,2023-05-09 00:31:47,148.642,148.66
2317,2023-05-09 00:31:53,148.641,148.659
2318,2023-05-09 00:31:54,148.64,148.658
2319,2023-05-09 00:31:54,148.638,148.656
2320,2023-05-09 00:31:54,148.636,148.654
2321,2023-05-09 00:31:54,148.635,148.653
2322,2023-05-09 00:31:57,148.629,148.647
2323,2023-05-09 00:31:57,148.626,148.644
2324,2023-05-09 00:31:58,148.624,148.642
2325,2023-05-09 00:31:58,148.623,148.641
2326,2023-05-09 00:31:59,148.624,148.642
2327,2023-05-09 00:31:59,148.623,148.641
2328,2023-05-09 00:32:00,148.623,148.641
2329,2023-05-09 00:32:01,148.622,148.64
2330,2023-05-09 00:32:02,148.623,148.641
2331,2023-05-09 00:32:02,148.625,148.643
2332,2023-05-09 00:32:02,148.626,148.644
2333,2023-05-09 00:32:03,148.627,148.645
2334,2023-05-09 00:32:04,148.628,148.646
2335,2023-05-09 00:32:04,148.626,148.644
2336,2023-05-09 00:32:05,148.628,148.646
2337,2023-05-09 00:32:06,148.626,148.644
2338,2023-05-09 00:32:07,148.63,148.648
2339,2023-05-09 00:32:07,148.626,148.644
2340,2023-05-09 00:32:07,148.627,148.645
2341,2023-05-09 00:32:07,148.629,148.647
2342,2023-05-09 00:32:08,148.63,148.648
2343,2023-05-09 00:32:09,148.631,148.649
2344,2023-05-09 00:32:10,148.632,148.65
2345,2023-05-09 00:32:12,148.634,148.652
2346,2023-05-09 00:32:19,148.633,148.651
2347,2023-05-09 00:32:22,148.632,148.65
2348,2023-05-09 00:32:23,148.633,148.651
2349,2023-05-09 00:32:24,148.632,148.65
2350,2023-05-09 00:32:25,148.631,148.649
2351,2023-05-09 00:32:25,148.63,148.648
2352,2023-05-09 00:32:25,148.629,148.647
2353,2023-05-09 00:32:26,148.628,148.646
2354,2023-05-09 00:32:29,148.629,148.647
2355,2023-05-09 00:32:34,148.633,148.651
2356,2023-05-09 00:32:34,148.63,148.648
2357,2023-05-09 00:32:35,148.631,148.649
2358,2023-05-09 00:32:35,148.629,148.647
2359,2023-05-09 00:32:42,148.63,148.648
2360,2023-05-09 00:32:42,148.629,148.647
2361,2023-05-09 00:32:43,148.628,148.646
2362,2023-05-09 00:32:44,148.629,148.647
2363,2023-05-09 00:32:44,148.627,148.645
2364,2023-05-09 00:32:45,148.626,148.644
2365,2023-05-09 00:32:46,148.627,148.645
2366,2023-05-09 00:32:50,148.632,148.65
2367,2023-05-09 00:32:50,148.633,148.651
2368,2023-05-09 00:32:54,148.635,148.653
2369,2023-05-09 00:32:55,148.633,148.651
2370,2023-05-09 00:32:55,148.632,148.65
2371,2023-05-09 00:33:00,148.632,148.65
2372,2023-05-09 00:33:01,148.633,148.651
2373,2023-05-09 00:33:01,148.63,148.648
2374,2023-05-09 00:33:02,148.631,148.649
2375,2023-05-09 00:33:02,148.632,148.65
2376,2023-05-09 00:33:06,148.631,148.649
2377,2023-05-09 00:33:09,148.63,148.648
2378,2023-05-09 00:33:10,148.619,148.637
2379,2023-05-09 00:33:10,148.62,148.638
2380,2023-05-09 00:33:11,148.616,148.634
2381,2023-05-09 00:33:12,148.612,148.63
2382,2023-05-09 00:33:12,148.618,148.636
2383,2023-05-09 00:33:13,148.621,148.639
2384,2023-05-09 00:33:16,148.619,148.637
2385,2023-05-09 00:33:16,148.621,148.639
2386,2023-05-09 00:33:17,148.62,148.638
2387,2023-05-09 00:33:19,148.623,148.641
2388,2023-05-09 00:33:19,148.624,148.642
2389,2023-05-09 00:33:20,148.625,148.643
2390,2023-05-09 00:33:23,148.624,148.642
2391,2023-05-09 00:33:24,148.625,148.643
2392,2023-05-09 00:33:25,148.624,148.642
2393,2023-05-09 00:33:25,148.625,148.643
2394,2023-05-09 00:33:25,148.624,148.642
2395,2023-05-09 00:33:26,148.622,148.64
2396,2023-05-09 00:33:26,148.623,148.641
2397,2023-05-09 00:33:28,148.621,148.639
2398,2023-05-09 00:33:30,148.629,148.647
2399,2023-05-09 00:33:30,148.631,148.649
2400,2023-05-09 00:33:31,148.63,148.648
2401,2023-05-09 00:33:31,148.631,148.649
2402,2023-05-09 00:33:32,148.632,148.65
2403,2023-05-09 00:33:35,148.634,148.652
2404,2023-05-09 00:33:35,148.633,148.651
2405,2023-05-09 00:33:36,148.634,148.652
2406,2023-05-09 00:33:36,148.627,148.645
2407,2023-05-09 00:33:37,148.626,148.644
2408,2023-05-09 00:33:37,148.625,148.643
2409,2023-05-09 00:33:37,148.623,148.641
2410,2023-05-09 00:33:38,148.619,148.637
2411,2023-05-09 00:33:38,148.622,148.64
2412,2023-05-09 00:33:39,148.621,148.639
2413,2023-05-09 00:33:39,148.623,148.641
2414,2023-05-09 00:33:40,148.624,148.642
2415,2023-05-09 00:33:41,148.623,148.641
2416,2023-05-09 00:33:42,148.622,148.64
2417,2023-05-09 00:33:42,148.623,148.641
2418,2023-05-09 00:33:43,148.628,148.646
2419,2023-05-09 00:33:44,148.629,148.647
2420,2023-05-09 00:33:45,148.63,148.648
2421,2023-05-09 00:33:45,148.629,148.647
2422,2023-05-09 00:33:46,148.63,148.648
2423,2023-05-09 00:33:49,148.627,148.645
2424,2023-05-09 00:33:49,148.628,148.646
2425,2023-05-09 00:33:49,148.627,148.645
2426,2023-05-09 00:33:50,148.628,148.646
2427,2023-05-09 00:33:50,148.627,148.645
2428,2023-05-09 00:33:50,148.626,148.644
2429,2023-05-09 00:33:51,148.627,148.645
2430,2023-05-09 00:33:53,148.626,148.644
2431,2023-05-09 00:33:53,148.63,148.648
2432,2023-05-09 00:33:55,148.625,148.643
2433,2023-05-09 00:33:56,148.622,148.64
2434,2023-05-09 00:33:58,148.623,148.641
2435,2023-05-09 00:34:00,148.623,148.641
2436,2023-05-09 00:34:00,148.624,148.642
2437,2023-05-09 00:34:04,148.625,148.643
2438,2023-05-09 00:34:06,148.623,148.641
2439,2023-05-09 00:34:07,148.622,148.64
2440,2023-05-09 00:34:10,148.623,148.641
2441,2023-05-09 00:34:13,148.622,148.64
2442,2023-05-09 00:34:16,148.623,148.641
2443,2023-05-09 00:34:16,148.624,148.642
2444,2023-05-09 00:34:17,148.623,148.641
2445,2023-05-09 00:34:18,148.619,148.637
2446,2023-05-09 00:34:18,148.617,148.635
2447,2023-05-09 00:34:19,148.618,148.636
2448,2023-05-09 00:34:19,148.617,148.635
2449,2023-05-09 00:34:22,148.618,148.636
2450,2023-05-09 00:34:23,148.617,148.635
2451,2023-05-09 00:34:23,148.618,148.636
2452,2023-05-09 00:34:26,148.617,148.635
2453,2023-05-09 00:34:28,148.618,148.636
2454,2023-05-09 00:34:30,148.617,148.635
2455,2023-05-09 00:34:31,148.618,148.636
2456,2023-05-09 00:34:32,148.621,148.639
2457,2023-05-09 00:34:32,148.622,148.64
2458,2023-05-09 00:34:34,148.621,148.639
2459,2023-05-09 00:34:34,148.622,148.64
2460,2023-05-09 00:34:34,148.621,148.639
2461,2023-05-09 00:34:35,148.62,148.638
2462,2023-05-09 00:34:36,148.619,148.637
2463,2023-05-09 00:34:36,148.617,148.635
2464,2023-05-09 00:34:38,148.618,148.636
2465,2023-05-09 00:34:39,148.619,148.637
2466,2023-05-09 00:34:40,148.62,148.638
2467,2023-05-09 00:34:42,148.619,148.637
2468,2023-05-09 00:34:42,148.613,148.631
2469,2023-05-09 00:34:42,148.614,148.632
2470,2023-05-09 00:34:46,148.613,148.631
2471,2023-05-09 00:34:46,148.611,148.629
2472,2023-05-09 00:34:47,148.612,148.63
2473,2023-05-09 00:34:47,148.609,148.627
2474,2023-05-09 00:34:47,148.607,148.625
2475,2023-05-09 00:34:48,148.608,148.626
2476,2023-05-09 00:34:48,148.607,148.625
