,time,bid,ask
0,2023-05-09 00:00:00,1.73515,1.73559
1,2023-05-09 00:00:01,1.73517,1.7356099999999999
2,2023-05-09 00:00:01,1.73519,1.73563
3,2023-05-09 00:00:01,1.73518,1.73562
4,2023-05-09 00:00:01,1.7351999999999999,1.73564
5,2023-05-09 00:00:02,1.73519,1.73563
6,2023-05-09 00:00:02,1.7351999999999999,1.73564
7,2023-05-09 00:00:04,1.73516,1.7356
8,2023-05-09 00:00:05,1.7351100000000002,1.73555
9,2023-05-09 00:00:05,1.7351999999999999,1.73564
10,2023-05-09 00:00:06,1.73522,1.73566
11,2023-05-09 00:00:07,1.73521,1.7356500000000001
12,2023-05-09 00:00:08,1.7351999999999999,1.73564
13,2023-05-09 00:00:08,1.73523,1.73567
14,2023-05-09 00:00:09,1.7352400000000001,1.73568
15,2023-05-09 00:00:09,1.73522,1.73566
16,2023-05-09 00:00:09,1.7351,1.7355399999999999
17,2023-05-09 00:00:10,1.73512,1.73556
18,2023-05-09 00:00:10,1.73515,1.73559
19,2023-05-09 00:00:10,1.7351299999999998,1.73557
20,2023-05-09 00:00:10,1.73515,1.73559
21,2023-05-09 00:00:11,1.73514,1.7355800000000001
22,2023-05-09 00:00:11,1.7351299999999998,1.73557
23,2023-05-09 00:00:12,1.73514,1.7355800000000001
24,2023-05-09 00:00:12,1.7351299999999998,1.73557
25,2023-05-09 00:00:12,1.73517,1.7356099999999999
26,2023-05-09 00:00:14,1.73516,1.7356
27,2023-05-09 00:00:15,1.73517,1.7356099999999999
28,2023-05-09 00:00:15,1.73515,1.73559
29,2023-05-09 00:00:15,1.73514,1.7355800000000001
30,2023-05-09 00:00:16,1.73518,1.73562
31,2023-05-09 00:00:16,1.73516,1.7356
32,2023-05-09 00:00:16,1.73515,1.73559
33,2023-05-09 00:00:16,1.73514,1.7355800000000001
34,2023-05-09 00:00:17,1.73512,1.73556
35,2023-05-09 00:00:17,1.73509,1.73553
36,2023-05-09 00:00:18,1.73507,1.73551
37,2023-05-09 00:00:19,1.7350400000000001,1.73548
38,2023-05-09 00:00:19,1.73499,1.73543
39,2023-05-09 00:00:20,1.7349999999999999,1.73544
40,2023-05-09 00:00:21,1.73499,1.73543
41,2023-05-09 00:00:24,1.7349700000000001,1.73541
42,2023-05-09 00:00:25,1.73487,1.7353100000000001
43,2023-05-09 00:00:25,1.7348599999999998,1.7353
44,2023-05-09 00:00:25,1.73487,1.7353100000000001
45,2023-05-09 00:00:26,1.7349,1.7353399999999999
46,2023-05-09 00:00:27,1.73491,1.73535
47,2023-05-09 00:00:28,1.73488,1.73532
48,2023-05-09 00:00:29,1.73487,1.7353100000000001
49,2023-05-09 00:00:30,1.7348599999999998,1.7353
50,2023-05-09 00:00:31,1.73487,1.7353100000000001
51,2023-05-09 00:00:31,1.73491,1.73535
52,2023-05-09 00:00:31,1.73489,1.73533
53,2023-05-09 00:00:32,1.7349,1.7353399999999999
54,2023-05-09 00:00:32,1.7349299999999999,1.73537
55,2023-05-09 00:00:33,1.73496,1.7354
56,2023-05-09 00:00:33,1.73494,1.7353800000000001
57,2023-05-09 00:00:33,1.7349299999999999,1.73537
58,2023-05-09 00:00:36,1.73492,1.73536
59,2023-05-09 00:00:38,1.7349299999999999,1.73537
60,2023-05-09 00:00:39,1.73492,1.73536
61,2023-05-09 00:00:40,1.73472,1.73516
62,2023-05-09 00:00:41,1.73465,1.73509
63,2023-05-09 00:00:41,1.7346300000000001,1.73507
64,2023-05-09 00:00:41,1.7346,1.7350400000000001
65,2023-05-09 00:00:41,1.73462,1.73506
66,2023-05-09 00:00:42,1.73461,1.73505
67,2023-05-09 00:00:42,1.73464,1.73508
68,2023-05-09 00:00:42,1.73468,1.73512
69,2023-05-09 00:00:42,1.73478,1.73522
70,2023-05-09 00:00:43,1.73483,1.7352699999999999
71,2023-05-09 00:00:43,1.7348400000000002,1.73528
72,2023-05-09 00:00:44,1.73481,1.73525
73,2023-05-09 00:00:45,1.73478,1.73522
74,2023-05-09 00:00:46,1.7348,1.7352400000000001
75,2023-05-09 00:00:48,1.73481,1.73525
76,2023-05-09 00:00:51,1.73482,1.73526
77,2023-05-09 00:00:51,1.73489,1.73533
78,2023-05-09 00:00:52,1.7349,1.7353399999999999
79,2023-05-09 00:00:52,1.73491,1.73535
80,2023-05-09 00:00:53,1.73492,1.73536
81,2023-05-09 00:00:54,1.73491,1.73535
82,2023-05-09 00:00:55,1.73492,1.73536
83,2023-05-09 00:00:55,1.7349,1.7353399999999999
84,2023-05-09 00:00:55,1.73492,1.73536
85,2023-05-09 00:00:56,1.7349,1.7353399999999999
86,2023-05-09 00:00:56,1.73491,1.73535
87,2023-05-09 00:00:57,1.73483,1.7352699999999999
88,2023-05-09 00:00:57,1.73487,1.7353100000000001
89,2023-05-09 00:00:58,1.7349700000000001,1.73541
90,2023-05-09 00:00:58,1.73498,1.73542
91,2023-05-09 00:00:58,1.73496,1.7354
92,2023-05-09 00:01:00,1.73496,1.7354
93,2023-05-09 00:01:00,1.73494,1.7353800000000001
94,2023-05-09 00:01:00,1.73495,1.73539
95,2023-05-09 00:01:00,1.73496,1.7354
96,2023-05-09 00:01:01,1.73498,1.73542
97,2023-05-09 00:01:01,1.73499,1.73543
98,2023-05-09 00:01:01,1.7350400000000001,1.73548
99,2023-05-09 00:01:02,1.7351299999999998,1.73557
100,2023-05-09 00:01:02,1.73514,1.7355800000000001
101,2023-05-09 00:01:02,1.73507,1.73551
102,2023-05-09 00:01:03,1.73508,1.73552
103,2023-05-09 00:01:03,1.73509,1.73553
104,2023-05-09 00:01:04,1.73508,1.73552
105,2023-05-09 00:01:05,1.73505,1.73549
106,2023-05-09 00:01:07,1.73507,1.73551
107,2023-05-09 00:01:08,1.73508,1.73552
108,2023-05-09 00:01:09,1.73507,1.73551
109,2023-05-09 00:01:09,1.73506,1.7355
110,2023-05-09 00:01:10,1.7350400000000001,1.73548
111,2023-05-09 00:01:10,1.73503,1.7354699999999998
112,2023-05-09 00:01:10,1.73501,1.7354500000000002
113,2023-05-09 00:01:10,1.73498,1.73542
114,2023-05-09 00:01:11,1.7349999999999999,1.73544
115,2023-05-09 00:01:11,1.73499,1.73543
116,2023-05-09 00:01:11,1.73505,1.73549
117,2023-05-09 00:01:12,1.73503,1.7354699999999998
118,2023-05-09 00:01:12,1.73502,1.73546
119,2023-05-09 00:01:12,1.7349999999999999,1.73544
120,2023-05-09 00:01:14,1.7349700000000001,1.73541
121,2023-05-09 00:01:15,1.73498,1.73542
122,2023-05-09 00:01:17,1.73499,1.73543
123,2023-05-09 00:01:17,1.7349999999999999,1.73544
124,2023-05-09 00:01:18,1.73499,1.73543
125,2023-05-09 00:01:19,1.73498,1.73542
126,2023-05-09 00:01:19,1.73501,1.7354500000000002
127,2023-05-09 00:01:20,1.7349999999999999,1.73544
128,2023-05-09 00:01:20,1.73501,1.7354500000000002
129,2023-05-09 00:01:21,1.7349999999999999,1.73544
130,2023-05-09 00:01:21,1.73503,1.7354699999999998
131,2023-05-09 00:01:22,1.73508,1.73552
132,2023-05-09 00:01:22,1.73507,1.73551
133,2023-05-09 00:01:23,1.73506,1.7355
134,2023-05-09 00:01:23,1.73507,1.73551
135,2023-05-09 00:01:24,1.73495,1.73539
136,2023-05-09 00:01:24,1.73494,1.7353800000000001
137,2023-05-09 00:01:24,1.73495,1.73539
138,2023-05-09 00:01:26,1.73494,1.7353800000000001
139,2023-05-09 00:01:26,1.73496,1.7354
140,2023-05-09 00:01:29,1.73495,1.73539
141,2023-05-09 00:01:29,1.73496,1.7354
142,2023-05-09 00:01:30,1.73494,1.7353800000000001
143,2023-05-09 00:01:30,1.7349299999999999,1.73537
144,2023-05-09 00:01:31,1.73494,1.7353800000000001
145,2023-05-09 00:01:32,1.7349299999999999,1.73537
146,2023-05-09 00:01:32,1.73496,1.7354
147,2023-05-09 00:01:32,1.7349700000000001,1.73541
148,2023-05-09 00:01:33,1.73495,1.73539
149,2023-05-09 00:01:35,1.7349700000000001,1.73541
150,2023-05-09 00:01:37,1.73496,1.7354
151,2023-05-09 00:01:37,1.73512,1.73556
152,2023-05-09 00:01:39,1.7351299999999998,1.73557
153,2023-05-09 00:01:39,1.73508,1.73552
154,2023-05-09 00:01:40,1.73505,1.73549
155,2023-05-09 00:01:41,1.73506,1.7355
156,2023-05-09 00:01:41,1.73507,1.73551
157,2023-05-09 00:01:41,1.73505,1.73549
158,2023-05-09 00:01:42,1.73506,1.7355
159,2023-05-09 00:01:43,1.73505,1.73549
160,2023-05-09 00:01:43,1.73506,1.7355
161,2023-05-09 00:01:44,1.73507,1.73551
162,2023-05-09 00:01:45,1.73512,1.73556
163,2023-05-09 00:01:45,1.73508,1.73552
164,2023-05-09 00:01:46,1.73507,1.73551
165,2023-05-09 00:01:47,1.73509,1.73553
166,2023-05-09 00:01:47,1.73508,1.73552
167,2023-05-09 00:01:48,1.7349999999999999,1.73544
168,2023-05-09 00:01:48,1.73505,1.73549
169,2023-05-09 00:01:49,1.7350400000000001,1.73548
170,2023-05-09 00:01:50,1.73501,1.7354500000000002
171,2023-05-09 00:01:50,1.73507,1.73551
172,2023-05-09 00:01:51,1.73515,1.73559
173,2023-05-09 00:01:51,1.73516,1.7356
174,2023-05-09 00:01:52,1.73515,1.73559
175,2023-05-09 00:01:52,1.7351100000000002,1.73555
176,2023-05-09 00:01:53,1.73506,1.7355
177,2023-05-09 00:01:53,1.73507,1.73551
178,2023-05-09 00:01:53,1.73502,1.73546
179,2023-05-09 00:01:54,1.7350400000000001,1.73548
180,2023-05-09 00:01:54,1.73502,1.73546
181,2023-05-09 00:01:54,1.7349999999999999,1.73544
182,2023-05-09 00:01:55,1.73503,1.7354699999999998
183,2023-05-09 00:01:55,1.7350400000000001,1.73548
184,2023-05-09 00:01:56,1.73509,1.73553
185,2023-05-09 00:01:56,1.73512,1.73556
186,2023-05-09 00:01:56,1.7351100000000002,1.73555
187,2023-05-09 00:01:56,1.7351,1.7355399999999999
188,2023-05-09 00:01:58,1.7351100000000002,1.73555
189,2023-05-09 00:02:00,1.7350400000000001,1.73548
190,2023-05-09 00:02:00,1.73502,1.73546
191,2023-05-09 00:02:00,1.73503,1.7354699999999998
192,2023-05-09 00:02:01,1.73505,1.73549
193,2023-05-09 00:02:02,1.7350400000000001,1.73548
194,2023-05-09 00:02:02,1.73505,1.73549
195,2023-05-09 00:02:02,1.73503,1.7354699999999998
196,2023-05-09 00:02:03,1.73505,1.73549
197,2023-05-09 00:02:06,1.73506,1.7355
198,2023-05-09 00:02:06,1.73509,1.73553
199,2023-05-09 00:02:06,1.73515,1.73559
200,2023-05-09 00:02:07,1.7351999999999999,1.73564
201,2023-05-09 00:02:09,1.73516,1.7356
202,2023-05-09 00:02:09,1.73515,1.73559
203,2023-05-09 00:02:11,1.73516,1.7356
204,2023-05-09 00:02:11,1.73517,1.7356099999999999
205,2023-05-09 00:02:11,1.73519,1.73563
206,2023-05-09 00:02:12,1.7351999999999999,1.73564
207,2023-05-09 00:02:13,1.73528,1.7357200000000002
208,2023-05-09 00:02:13,1.7352699999999999,1.73571
209,2023-05-09 00:02:14,1.73526,1.7357
210,2023-05-09 00:02:14,1.73525,1.73569
211,2023-05-09 00:02:15,1.73523,1.73567
212,2023-05-09 00:02:15,1.73522,1.73566
213,2023-05-09 00:02:16,1.73525,1.73569
214,2023-05-09 00:02:16,1.7352400000000001,1.73568
215,2023-05-09 00:02:18,1.73522,1.73566
216,2023-05-09 00:02:18,1.73521,1.7356500000000001
217,2023-05-09 00:02:21,1.73519,1.73563
218,2023-05-09 00:02:21,1.73521,1.7356500000000001
219,2023-05-09 00:02:22,1.73519,1.73563
220,2023-05-09 00:02:25,1.7351999999999999,1.73564
221,2023-05-09 00:02:25,1.73519,1.73563
222,2023-05-09 00:02:26,1.73523,1.73567
223,2023-05-09 00:02:28,1.73521,1.7356500000000001
224,2023-05-09 00:02:29,1.73525,1.73569
225,2023-05-09 00:02:29,1.7352400000000001,1.73568
226,2023-05-09 00:02:30,1.73522,1.73566
227,2023-05-09 00:02:31,1.73521,1.7356500000000001
228,2023-05-09 00:02:31,1.73523,1.73567
229,2023-05-09 00:02:32,1.73522,1.73566
230,2023-05-09 00:02:32,1.73525,1.73569
231,2023-05-09 00:02:34,1.73523,1.73567
232,2023-05-09 00:02:34,1.7352400000000001,1.73568
233,2023-05-09 00:02:35,1.73525,1.73569
234,2023-05-09 00:02:36,1.7352400000000001,1.73568
235,2023-05-09 00:02:37,1.73525,1.73569
236,2023-05-09 00:02:39,1.73532,1.73576
237,2023-05-09 00:02:40,1.7353100000000001,1.73575
238,2023-05-09 00:02:40,1.7353,1.7357399999999998
239,2023-05-09 00:02:41,1.7352699999999999,1.73571
240,2023-05-09 00:02:41,1.73528,1.7357200000000002
241,2023-05-09 00:02:42,1.73529,1.73573
242,2023-05-09 00:02:44,1.73539,1.73583
243,2023-05-09 00:02:44,1.7353800000000001,1.73582
244,2023-05-09 00:02:45,1.73535,1.7357900000000002
245,2023-05-09 00:02:46,1.7353399999999999,1.73578
246,2023-05-09 00:02:46,1.73536,1.7358
247,2023-05-09 00:02:48,1.73537,1.7358099999999999
248,2023-05-09 00:02:48,1.7353800000000001,1.73582
249,2023-05-09 00:02:49,1.73537,1.7358099999999999
250,2023-05-09 00:02:50,1.7353800000000001,1.73582
251,2023-05-09 00:02:51,1.73536,1.7358
252,2023-05-09 00:02:51,1.73533,1.73577
253,2023-05-09 00:02:53,1.7353100000000001,1.73575
254,2023-05-09 00:02:53,1.73529,1.73573
255,2023-05-09 00:02:54,1.7353,1.7357399999999998
256,2023-05-09 00:02:54,1.73518,1.73562
257,2023-05-09 00:02:54,1.7353,1.7357399999999998
258,2023-05-09 00:02:54,1.73526,1.7357
259,2023-05-09 00:02:55,1.73528,1.7357200000000002
260,2023-05-09 00:02:55,1.7352699999999999,1.73571
261,2023-05-09 00:02:58,1.73523,1.73567
262,2023-05-09 00:02:59,1.73522,1.73566
263,2023-05-09 00:03:00,1.73522,1.73566
264,2023-05-09 00:03:01,1.73519,1.73563
265,2023-05-09 00:03:03,1.73517,1.7356099999999999
266,2023-05-09 00:03:04,1.73516,1.7356
267,2023-05-09 00:03:05,1.73515,1.73559
268,2023-05-09 00:03:07,1.73516,1.7356
269,2023-05-09 00:03:08,1.73519,1.73563
270,2023-05-09 00:03:08,1.73514,1.7355800000000001
271,2023-05-09 00:03:09,1.7351100000000002,1.73555
272,2023-05-09 00:03:09,1.73505,1.73549
273,2023-05-09 00:03:13,1.7350400000000001,1.73548
274,2023-05-09 00:03:13,1.73503,1.7354699999999998
275,2023-05-09 00:03:14,1.73506,1.7355
276,2023-05-09 00:03:16,1.73507,1.73551
277,2023-05-09 00:03:16,1.73506,1.7355
278,2023-05-09 00:03:16,1.73507,1.73551
279,2023-05-09 00:03:16,1.73509,1.73553
280,2023-05-09 00:03:17,1.73514,1.7355800000000001
281,2023-05-09 00:03:20,1.73515,1.73559
282,2023-05-09 00:03:20,1.73518,1.73562
283,2023-05-09 00:03:20,1.73519,1.73563
284,2023-05-09 00:03:21,1.73529,1.73573
285,2023-05-09 00:03:21,1.7353100000000001,1.73575
286,2023-05-09 00:03:22,1.73529,1.73573
287,2023-05-09 00:03:22,1.7353,1.7357399999999998
288,2023-05-09 00:03:22,1.73529,1.73573
289,2023-05-09 00:03:23,1.73528,1.7357200000000002
290,2023-05-09 00:03:23,1.7352699999999999,1.73571
291,2023-05-09 00:03:23,1.7353,1.7357399999999998
292,2023-05-09 00:03:24,1.73525,1.73569
293,2023-05-09 00:03:25,1.73526,1.7357
294,2023-05-09 00:03:25,1.7352400000000001,1.73568
295,2023-05-09 00:03:26,1.73523,1.73567
296,2023-05-09 00:03:27,1.73521,1.7356500000000001
297,2023-05-09 00:03:28,1.73523,1.73567
298,2023-05-09 00:03:28,1.7352400000000001,1.73568
299,2023-05-09 00:03:28,1.73523,1.73567
300,2023-05-09 00:03:29,1.73517,1.7356099999999999
301,2023-05-09 00:03:29,1.73518,1.73562
302,2023-05-09 00:03:29,1.7351999999999999,1.73564
303,2023-05-09 00:03:30,1.73516,1.7356
304,2023-05-09 00:03:30,1.73518,1.73562
305,2023-05-09 00:03:32,1.7351299999999998,1.73557
306,2023-05-09 00:03:33,1.73509,1.73553
307,2023-05-09 00:03:33,1.73508,1.73552
308,2023-05-09 00:03:33,1.73509,1.73553
309,2023-05-09 00:03:35,1.73505,1.73549
310,2023-05-09 00:03:35,1.7350400000000001,1.73548
311,2023-05-09 00:03:36,1.73506,1.7355
312,2023-05-09 00:03:38,1.73505,1.73549
313,2023-05-09 00:03:38,1.73503,1.7354699999999998
314,2023-05-09 00:03:39,1.73506,1.7355
315,2023-05-09 00:03:40,1.73507,1.73551
316,2023-05-09 00:03:42,1.73509,1.73553
317,2023-05-09 00:03:43,1.73507,1.73551
318,2023-05-09 00:03:43,1.73508,1.73552
319,2023-05-09 00:03:44,1.7350400000000001,1.73548
320,2023-05-09 00:03:45,1.73501,1.7354500000000002
321,2023-05-09 00:03:46,1.7349999999999999,1.73544
322,2023-05-09 00:03:47,1.73499,1.73543
323,2023-05-09 00:03:49,1.7350400000000001,1.73548
324,2023-05-09 00:03:49,1.73503,1.7354699999999998
325,2023-05-09 00:03:50,1.73502,1.73546
326,2023-05-09 00:03:50,1.73491,1.73535
327,2023-05-09 00:03:50,1.73494,1.7353800000000001
328,2023-05-09 00:03:51,1.73495,1.73539
329,2023-05-09 00:03:52,1.7349700000000001,1.73541
330,2023-05-09 00:03:53,1.73503,1.7354699999999998
331,2023-05-09 00:03:53,1.7349700000000001,1.73541
332,2023-05-09 00:03:55,1.73499,1.73543
333,2023-05-09 00:03:55,1.73498,1.73542
334,2023-05-09 00:03:56,1.73499,1.73543
335,2023-05-09 00:03:56,1.7349999999999999,1.73544
336,2023-05-09 00:03:57,1.73503,1.7354699999999998
337,2023-05-09 00:03:57,1.73505,1.73549
338,2023-05-09 00:03:58,1.73501,1.7354500000000002
339,2023-05-09 00:03:58,1.73506,1.7355
340,2023-05-09 00:03:59,1.73505,1.73549
341,2023-05-09 00:03:59,1.73503,1.7354699999999998
342,2023-05-09 00:04:00,1.73503,1.7354699999999998
343,2023-05-09 00:04:00,1.7349999999999999,1.73544
344,2023-05-09 00:04:02,1.7349700000000001,1.73541
345,2023-05-09 00:04:03,1.7349999999999999,1.73544
346,2023-05-09 00:04:04,1.73502,1.73546
347,2023-05-09 00:04:04,1.73503,1.7354699999999998
348,2023-05-09 00:04:04,1.73502,1.73546
349,2023-05-09 00:04:05,1.73503,1.7354699999999998
350,2023-05-09 00:04:05,1.73502,1.73546
351,2023-05-09 00:04:07,1.73501,1.7354500000000002
352,2023-05-09 00:04:09,1.73503,1.7354699999999998
353,2023-05-09 00:04:12,1.7350400000000001,1.73548
354,2023-05-09 00:04:12,1.73505,1.73549
355,2023-05-09 00:04:13,1.73502,1.73546
356,2023-05-09 00:04:15,1.73501,1.7354500000000002
357,2023-05-09 00:04:15,1.7349700000000001,1.73541
358,2023-05-09 00:04:15,1.7349999999999999,1.73544
359,2023-05-09 00:04:16,1.73499,1.73543
360,2023-05-09 00:04:21,1.73482,1.73526
361,2023-05-09 00:04:25,1.7348400000000002,1.73528
362,2023-05-09 00:04:25,1.73487,1.7353100000000001
363,2023-05-09 00:04:27,1.7348599999999998,1.7353
364,2023-05-09 00:04:28,1.73487,1.7353100000000001
365,2023-05-09 00:04:30,1.7348400000000002,1.73528
366,2023-05-09 00:04:31,1.7348599999999998,1.7353
367,2023-05-09 00:04:32,1.73488,1.73532
368,2023-05-09 00:04:35,1.73487,1.7353100000000001
369,2023-05-09 00:04:53,1.7348,1.7352400000000001
370,2023-05-09 00:04:53,1.73482,1.73526
371,2023-05-09 00:04:54,1.7348,1.7352400000000001
372,2023-05-09 00:04:54,1.73471,1.73515
373,2023-05-09 00:04:55,1.7347000000000001,1.73514
374,2023-05-09 00:04:55,1.73471,1.73515
375,2023-05-09 00:05:01,1.73471,1.73515
376,2023-05-09 00:05:02,1.7346300000000001,1.73507
377,2023-05-09 00:05:02,1.7345899999999999,1.73503
378,2023-05-09 00:05:12,1.73462,1.73506
379,2023-05-09 00:05:15,1.73461,1.73505
380,2023-05-09 00:05:18,1.73458,1.73502
381,2023-05-09 00:05:19,1.73457,1.73501
382,2023-05-09 00:05:19,1.73442,1.7348599999999998
383,2023-05-09 00:05:20,1.73438,1.73482
384,2023-05-09 00:05:21,1.73441,1.73485
385,2023-05-09 00:05:22,1.7344,1.7348400000000002
386,2023-05-09 00:05:23,1.73441,1.73485
387,2023-05-09 00:05:24,1.7344,1.7348400000000002
388,2023-05-09 00:05:25,1.73441,1.73485
389,2023-05-09 00:05:25,1.73442,1.7348599999999998
390,2023-05-09 00:05:26,1.7343899999999999,1.73483
391,2023-05-09 00:05:27,1.7343199999999999,1.73476
392,2023-05-09 00:05:27,1.73427,1.73471
393,2023-05-09 00:05:27,1.73428,1.73472
394,2023-05-09 00:05:30,1.73424,1.73468
395,2023-05-09 00:05:30,1.7342300000000002,1.73467
396,2023-05-09 00:05:30,1.73413,1.73457
397,2023-05-09 00:05:31,1.7340900000000001,1.73453
398,2023-05-09 00:05:33,1.73408,1.7345199999999998
399,2023-05-09 00:05:35,1.73407,1.73451
400,2023-05-09 00:05:38,1.73408,1.7345199999999998
401,2023-05-09 00:05:39,1.7341,1.73454
402,2023-05-09 00:05:41,1.73407,1.73451
403,2023-05-09 00:05:42,1.73406,1.7345000000000002
404,2023-05-09 00:05:43,1.7340900000000001,1.73453
405,2023-05-09 00:05:43,1.73408,1.7345199999999998
406,2023-05-09 00:05:44,1.73407,1.73451
407,2023-05-09 00:05:45,1.73403,1.73447
408,2023-05-09 00:05:45,1.73395,1.7343899999999999
409,2023-05-09 00:05:47,1.73396,1.7344
410,2023-05-09 00:05:47,1.73399,1.7344300000000001
411,2023-05-09 00:05:47,1.7340200000000001,1.73446
412,2023-05-09 00:05:48,1.73403,1.73447
413,2023-05-09 00:05:51,1.7340200000000001,1.73446
414,2023-05-09 00:05:51,1.73396,1.7344
415,2023-05-09 00:05:53,1.734,1.73444
416,2023-05-09 00:05:53,1.73401,1.73445
417,2023-05-09 00:05:54,1.734,1.73444
418,2023-05-09 00:06:00,1.734,1.73444
419,2023-05-09 00:06:03,1.7340200000000001,1.73446
420,2023-05-09 00:06:09,1.73407,1.73451
421,2023-05-09 00:06:09,1.73403,1.73447
422,2023-05-09 00:06:11,1.7340200000000001,1.73446
423,2023-05-09 00:06:12,1.73397,1.73441
424,2023-05-09 00:06:13,1.73399,1.7344300000000001
425,2023-05-09 00:06:17,1.734,1.73444
426,2023-05-09 00:06:20,1.73399,1.7344300000000001
427,2023-05-09 00:06:21,1.7339799999999999,1.73442
428,2023-05-09 00:06:22,1.73401,1.73445
429,2023-05-09 00:06:22,1.7340900000000001,1.73453
430,2023-05-09 00:06:25,1.73407,1.73451
431,2023-05-09 00:06:26,1.73406,1.7345000000000002
432,2023-05-09 00:06:29,1.7341,1.73454
433,2023-05-09 00:06:30,1.73407,1.73451
434,2023-05-09 00:06:30,1.73408,1.7345199999999998
435,2023-05-09 00:06:39,1.7340900000000001,1.73453
436,2023-05-09 00:06:40,1.73411,1.73455
437,2023-05-09 00:06:40,1.73408,1.7345199999999998
438,2023-05-09 00:06:41,1.7340499999999999,1.73449
439,2023-05-09 00:06:42,1.73406,1.7345000000000002
440,2023-05-09 00:06:50,1.73407,1.73451
441,2023-05-09 00:06:51,1.73406,1.7345000000000002
442,2023-05-09 00:06:57,1.73404,1.73448
443,2023-05-09 00:06:57,1.734,1.73444
444,2023-05-09 00:07:00,1.734,1.73444
445,2023-05-09 00:07:02,1.7339799999999999,1.73442
446,2023-05-09 00:07:04,1.734,1.73444
447,2023-05-09 00:07:04,1.7340200000000001,1.73446
448,2023-05-09 00:07:05,1.73404,1.73448
449,2023-05-09 00:07:06,1.7339799999999999,1.73442
450,2023-05-09 00:07:07,1.734,1.73444
451,2023-05-09 00:07:12,1.73401,1.73445
452,2023-05-09 00:07:12,1.7339799999999999,1.73442
453,2023-05-09 00:07:13,1.73397,1.73441
454,2023-05-09 00:07:13,1.73399,1.7344300000000001
455,2023-05-09 00:07:16,1.7340200000000001,1.73446
456,2023-05-09 00:07:16,1.73399,1.7344300000000001
457,2023-05-09 00:07:18,1.73396,1.7344
458,2023-05-09 00:07:21,1.73397,1.73441
459,2023-05-09 00:07:24,1.734,1.73444
460,2023-05-09 00:07:24,1.7339799999999999,1.73442
461,2023-05-09 00:07:24,1.73399,1.7344300000000001
462,2023-05-09 00:07:26,1.73395,1.7343899999999999
463,2023-05-09 00:07:29,1.73392,1.7343600000000001
464,2023-05-09 00:07:32,1.7338900000000002,1.73433
465,2023-05-09 00:07:32,1.73392,1.7343600000000001
466,2023-05-09 00:07:33,1.7338900000000002,1.73433
467,2023-05-09 00:07:33,1.73387,1.73431
468,2023-05-09 00:07:34,1.73386,1.7343
469,2023-05-09 00:07:36,1.7338,1.73424
470,2023-05-09 00:07:40,1.73386,1.7343
471,2023-05-09 00:07:41,1.73384,1.73428
472,2023-05-09 00:07:41,1.73381,1.7342499999999998
473,2023-05-09 00:07:44,1.7338200000000001,1.73426
474,2023-05-09 00:07:44,1.73384,1.73428
475,2023-05-09 00:07:44,1.73383,1.73427
476,2023-05-09 00:07:47,1.7339,1.73434
477,2023-05-09 00:07:48,1.7339099999999998,1.73435
478,2023-05-09 00:07:49,1.7339,1.73434
479,2023-05-09 00:07:49,1.73393,1.73437
480,2023-05-09 00:07:50,1.73395,1.7343899999999999
481,2023-05-09 00:07:50,1.73394,1.73438
482,2023-05-09 00:07:51,1.7339799999999999,1.73442
483,2023-05-09 00:07:52,1.73397,1.73441
484,2023-05-09 00:07:52,1.73407,1.73451
485,2023-05-09 00:07:53,1.73408,1.7345199999999998
486,2023-05-09 00:07:53,1.7340499999999999,1.73449
487,2023-05-09 00:07:54,1.73401,1.73445
488,2023-05-09 00:07:54,1.734,1.73444
489,2023-05-09 00:07:55,1.73401,1.73445
490,2023-05-09 00:07:55,1.73403,1.73447
491,2023-05-09 00:07:56,1.73404,1.73448
492,2023-05-09 00:07:56,1.73411,1.73455
493,2023-05-09 00:07:56,1.7341199999999999,1.73456
494,2023-05-09 00:07:58,1.7340900000000001,1.73453
495,2023-05-09 00:07:58,1.7341199999999999,1.73456
496,2023-05-09 00:07:58,1.73413,1.73457
497,2023-05-09 00:08:00,1.7341199999999999,1.73456
498,2023-05-09 00:08:00,1.73414,1.73458
499,2023-05-09 00:08:00,1.73415,1.7345899999999999
500,2023-05-09 00:08:01,1.73414,1.73458
501,2023-05-09 00:08:01,1.73411,1.73455
502,2023-05-09 00:08:01,1.7340900000000001,1.73453
503,2023-05-09 00:08:01,1.7341,1.73454
504,2023-05-09 00:08:02,1.7340900000000001,1.73453
505,2023-05-09 00:08:02,1.73407,1.73451
506,2023-05-09 00:08:03,1.73411,1.73455
507,2023-05-09 00:08:03,1.7341199999999999,1.73456
508,2023-05-09 00:08:03,1.7340900000000001,1.73453
509,2023-05-09 00:08:04,1.7341,1.73454
510,2023-05-09 00:08:05,1.73413,1.73457
511,2023-05-09 00:08:06,1.73411,1.73455
512,2023-05-09 00:08:13,1.7341199999999999,1.73456
513,2023-05-09 00:08:13,1.73411,1.73455
514,2023-05-09 00:08:13,1.73414,1.73458
515,2023-05-09 00:08:13,1.73413,1.73457
516,2023-05-09 00:08:15,1.7341,1.73454
517,2023-05-09 00:08:15,1.73413,1.73457
518,2023-05-09 00:08:15,1.7341,1.73454
519,2023-05-09 00:08:16,1.73413,1.73457
520,2023-05-09 00:08:18,1.7341,1.73454
521,2023-05-09 00:08:22,1.7341199999999999,1.73456
522,2023-05-09 00:08:29,1.73411,1.73455
523,2023-05-09 00:08:32,1.73413,1.73457
524,2023-05-09 00:08:32,1.73418,1.73462
525,2023-05-09 00:08:34,1.73415,1.7345899999999999
526,2023-05-09 00:08:34,1.73418,1.73462
527,2023-05-09 00:08:34,1.73419,1.7346300000000001
528,2023-05-09 00:08:37,1.7342499999999998,1.73469
529,2023-05-09 00:08:41,1.73424,1.73468
530,2023-05-09 00:08:42,1.7342499999999998,1.73469
531,2023-05-09 00:08:43,1.73427,1.73471
532,2023-05-09 00:08:44,1.7342499999999998,1.73469
533,2023-05-09 00:08:44,1.73426,1.7347000000000001
534,2023-05-09 00:08:44,1.73422,1.7346599999999999
535,2023-05-09 00:08:45,1.73421,1.73465
536,2023-05-09 00:08:45,1.73422,1.7346599999999999
537,2023-05-09 00:08:46,1.7342499999999998,1.73469
538,2023-05-09 00:08:48,1.73426,1.7347000000000001
539,2023-05-09 00:08:49,1.7342499999999998,1.73469
540,2023-05-09 00:08:49,1.73426,1.7347000000000001
541,2023-05-09 00:08:50,1.7342499999999998,1.73469
542,2023-05-09 00:08:50,1.73426,1.7347000000000001
543,2023-05-09 00:08:50,1.7342499999999998,1.73469
544,2023-05-09 00:08:54,1.73418,1.73462
545,2023-05-09 00:08:59,1.7341600000000001,1.7346
546,2023-05-09 00:09:00,1.7341600000000001,1.7346
547,2023-05-09 00:09:00,1.73415,1.7345899999999999
548,2023-05-09 00:09:02,1.7341199999999999,1.73456
549,2023-05-09 00:09:02,1.7342,1.73464
550,2023-05-09 00:09:02,1.73422,1.7346599999999999
551,2023-05-09 00:09:03,1.73426,1.7347000000000001
552,2023-05-09 00:09:03,1.7342499999999998,1.73469
553,2023-05-09 00:09:04,1.7341600000000001,1.7346
554,2023-05-09 00:09:04,1.73415,1.7345899999999999
555,2023-05-09 00:09:05,1.7341600000000001,1.7346
556,2023-05-09 00:09:05,1.73414,1.73458
557,2023-05-09 00:09:07,1.73413,1.73457
558,2023-05-09 00:09:08,1.73414,1.73458
559,2023-05-09 00:09:09,1.73417,1.73461
560,2023-05-09 00:09:10,1.7341600000000001,1.7346
561,2023-05-09 00:09:10,1.73413,1.73457
562,2023-05-09 00:09:12,1.73415,1.7345899999999999
563,2023-05-09 00:09:14,1.73414,1.73458
564,2023-05-09 00:09:15,1.73413,1.73457
565,2023-05-09 00:09:15,1.7341199999999999,1.73456
566,2023-05-09 00:09:15,1.73411,1.73455
567,2023-05-09 00:09:16,1.73407,1.73451
568,2023-05-09 00:09:16,1.734,1.73444
569,2023-05-09 00:09:18,1.7339799999999999,1.73442
570,2023-05-09 00:09:21,1.73387,1.73431
571,2023-05-09 00:09:22,1.7339,1.73434
572,2023-05-09 00:09:22,1.7339099999999998,1.73435
573,2023-05-09 00:09:24,1.7339,1.73434
574,2023-05-09 00:09:25,1.7339099999999998,1.73435
575,2023-05-09 00:09:25,1.73393,1.73437
576,2023-05-09 00:09:26,1.73394,1.73438
577,2023-05-09 00:09:33,1.73396,1.7344
578,2023-05-09 00:09:33,1.73394,1.73438
579,2023-05-09 00:09:34,1.73387,1.73431
580,2023-05-09 00:09:34,1.73384,1.73428
581,2023-05-09 00:09:38,1.73394,1.73438
582,2023-05-09 00:09:38,1.73395,1.7343899999999999
583,2023-05-09 00:09:39,1.73396,1.7344
584,2023-05-09 00:09:40,1.73397,1.73441
585,2023-05-09 00:09:40,1.73399,1.7344300000000001
586,2023-05-09 00:09:40,1.73397,1.73441
587,2023-05-09 00:09:41,1.73396,1.7344
588,2023-05-09 00:09:41,1.73394,1.73438
589,2023-05-09 00:09:42,1.73395,1.7343899999999999
590,2023-05-09 00:09:42,1.73393,1.73437
591,2023-05-09 00:09:42,1.73396,1.7344
592,2023-05-09 00:09:43,1.73395,1.7343899999999999
593,2023-05-09 00:09:43,1.73394,1.73438
594,2023-05-09 00:09:43,1.7339099999999998,1.73435
595,2023-05-09 00:09:44,1.7339799999999999,1.73442
596,2023-05-09 00:09:45,1.73397,1.73441
597,2023-05-09 00:09:45,1.73395,1.7343899999999999
598,2023-05-09 00:09:45,1.73396,1.7344
599,2023-05-09 00:09:50,1.7339799999999999,1.73442
600,2023-05-09 00:09:50,1.73399,1.7344300000000001
601,2023-05-09 00:09:52,1.73401,1.73445
602,2023-05-09 00:09:54,1.7340200000000001,1.73446
603,2023-05-09 00:09:55,1.73399,1.7344300000000001
604,2023-05-09 00:09:55,1.73397,1.73441
605,2023-05-09 00:09:56,1.734,1.73444
606,2023-05-09 00:09:57,1.73393,1.73437
607,2023-05-09 00:09:58,1.7339,1.73434
608,2023-05-09 00:09:58,1.7338900000000002,1.73433
609,2023-05-09 00:09:59,1.73394,1.73438
610,2023-05-09 00:09:59,1.734,1.73444
611,2023-05-09 00:10:00,1.734,1.73444
612,2023-05-09 00:10:00,1.73394,1.73438
613,2023-05-09 00:10:00,1.73395,1.7343899999999999
614,2023-05-09 00:10:01,1.73385,1.73429
615,2023-05-09 00:10:02,1.73383,1.73427
616,2023-05-09 00:10:03,1.73388,1.7343199999999999
617,2023-05-09 00:10:04,1.7338900000000002,1.73433
618,2023-05-09 00:10:04,1.73392,1.7343600000000001
619,2023-05-09 00:10:04,1.73393,1.73437
620,2023-05-09 00:10:05,1.73394,1.73438
621,2023-05-09 00:10:06,1.73393,1.73437
622,2023-05-09 00:10:08,1.73392,1.7343600000000001
623,2023-05-09 00:10:12,1.73393,1.73437
624,2023-05-09 00:10:13,1.73392,1.7343600000000001
625,2023-05-09 00:10:14,1.73395,1.7343899999999999
626,2023-05-09 00:10:15,1.73393,1.73437
627,2023-05-09 00:10:15,1.7339099999999998,1.73435
628,2023-05-09 00:10:16,1.73392,1.7343600000000001
629,2023-05-09 00:10:22,1.7339,1.73434
630,2023-05-09 00:10:26,1.7338900000000002,1.73433
631,2023-05-09 00:10:26,1.734,1.73444
632,2023-05-09 00:10:26,1.73403,1.73447
633,2023-05-09 00:10:28,1.73404,1.73448
634,2023-05-09 00:10:29,1.73401,1.73445
635,2023-05-09 00:10:31,1.73396,1.7344
636,2023-05-09 00:10:32,1.73397,1.73441
637,2023-05-09 00:10:32,1.73396,1.7344
638,2023-05-09 00:10:33,1.73395,1.7343899999999999
639,2023-05-09 00:10:34,1.73393,1.73437
640,2023-05-09 00:10:36,1.73392,1.7343600000000001
641,2023-05-09 00:10:40,1.7339,1.73434
642,2023-05-09 00:10:40,1.73394,1.73438
643,2023-05-09 00:10:41,1.73395,1.7343899999999999
644,2023-05-09 00:10:41,1.73394,1.73438
645,2023-05-09 00:10:41,1.73387,1.73431
646,2023-05-09 00:10:42,1.73386,1.7343
647,2023-05-09 00:10:46,1.73388,1.7343199999999999
648,2023-05-09 00:10:47,1.7338900000000002,1.73433
649,2023-05-09 00:10:47,1.73387,1.73431
650,2023-05-09 00:10:48,1.73388,1.7343199999999999
651,2023-05-09 00:10:48,1.7339099999999998,1.73435
652,2023-05-09 00:10:48,1.73392,1.7343600000000001
653,2023-05-09 00:10:49,1.7339,1.73434
654,2023-05-09 00:10:49,1.73387,1.73431
655,2023-05-09 00:10:49,1.73386,1.7343
656,2023-05-09 00:10:50,1.73385,1.73429
657,2023-05-09 00:10:54,1.73386,1.7343
658,2023-05-09 00:10:55,1.7339,1.73434
659,2023-05-09 00:10:55,1.7338900000000002,1.73433
660,2023-05-09 00:10:58,1.7339,1.73434
661,2023-05-09 00:10:59,1.7339099999999998,1.73435
662,2023-05-09 00:10:59,1.73393,1.73437
663,2023-05-09 00:11:00,1.7339,1.73434
664,2023-05-09 00:11:00,1.73394,1.73438
665,2023-05-09 00:11:01,1.73395,1.7343899999999999
666,2023-05-09 00:11:01,1.73396,1.7344
667,2023-05-09 00:11:03,1.73406,1.7345000000000002
668,2023-05-09 00:11:04,1.73399,1.7344300000000001
669,2023-05-09 00:11:05,1.73403,1.73447
670,2023-05-09 00:11:05,1.73404,1.73448
671,2023-05-09 00:11:05,1.7340499999999999,1.73449
672,2023-05-09 00:11:06,1.73404,1.73448
673,2023-05-09 00:11:07,1.73403,1.73447
674,2023-05-09 00:11:07,1.73404,1.73448
675,2023-05-09 00:11:08,1.7340499999999999,1.73449
676,2023-05-09 00:11:11,1.734,1.73444
677,2023-05-09 00:11:11,1.73396,1.7344
678,2023-05-09 00:11:14,1.73397,1.73441
679,2023-05-09 00:11:16,1.73399,1.7344300000000001
680,2023-05-09 00:11:16,1.73395,1.7343899999999999
681,2023-05-09 00:11:17,1.73394,1.73438
682,2023-05-09 00:11:18,1.73393,1.73437
683,2023-05-09 00:11:21,1.73394,1.73438
684,2023-05-09 00:11:22,1.73397,1.73441
685,2023-05-09 00:11:22,1.73395,1.7343899999999999
686,2023-05-09 00:11:22,1.73394,1.73438
687,2023-05-09 00:11:23,1.73393,1.73437
688,2023-05-09 00:11:25,1.73394,1.73438
689,2023-05-09 00:11:26,1.73395,1.7343899999999999
690,2023-05-09 00:11:26,1.73392,1.7343600000000001
691,2023-05-09 00:11:26,1.73394,1.73438
692,2023-05-09 00:11:27,1.73392,1.7343600000000001
693,2023-05-09 00:11:28,1.7339099999999998,1.73435
694,2023-05-09 00:11:28,1.73393,1.73437
695,2023-05-09 00:11:29,1.7339099999999998,1.73435
696,2023-05-09 00:11:31,1.7339,1.73434
697,2023-05-09 00:11:31,1.7338900000000002,1.73433
698,2023-05-09 00:11:33,1.73392,1.7343600000000001
699,2023-05-09 00:11:34,1.73394,1.73438
700,2023-05-09 00:11:36,1.73397,1.73441
701,2023-05-09 00:11:37,1.73395,1.7343899999999999
702,2023-05-09 00:11:37,1.73394,1.73438
703,2023-05-09 00:11:37,1.73393,1.73437
704,2023-05-09 00:11:39,1.73401,1.73445
705,2023-05-09 00:11:40,1.73397,1.73441
706,2023-05-09 00:11:40,1.73396,1.7344
707,2023-05-09 00:11:40,1.73395,1.7343899999999999
708,2023-05-09 00:11:44,1.73393,1.73437
709,2023-05-09 00:11:45,1.73387,1.73431
710,2023-05-09 00:11:46,1.73379,1.7342300000000002
711,2023-05-09 00:11:46,1.73376,1.7342
712,2023-05-09 00:11:46,1.7338,1.73424
713,2023-05-09 00:11:47,1.73381,1.7342499999999998
714,2023-05-09 00:11:47,1.7337799999999999,1.73422
715,2023-05-09 00:11:47,1.73379,1.7342300000000002
716,2023-05-09 00:11:48,1.73372,1.7341600000000001
717,2023-05-09 00:11:49,1.7337099999999999,1.73415
718,2023-05-09 00:11:52,1.73369,1.73413
719,2023-05-09 00:11:52,1.73367,1.73411
720,2023-05-09 00:11:53,1.73366,1.7341
721,2023-05-09 00:11:53,1.73367,1.73411
722,2023-05-09 00:11:53,1.73363,1.73407
723,2023-05-09 00:11:54,1.73359,1.73403
724,2023-05-09 00:11:55,1.73358,1.7340200000000001
725,2023-05-09 00:11:57,1.7336,1.73404
726,2023-05-09 00:11:58,1.73361,1.7340499999999999
727,2023-05-09 00:11:59,1.73366,1.7341
728,2023-05-09 00:11:59,1.73359,1.73403
729,2023-05-09 00:12:00,1.73358,1.7340200000000001
730,2023-05-09 00:12:01,1.73361,1.7340499999999999
731,2023-05-09 00:12:04,1.7336,1.73404
732,2023-05-09 00:12:05,1.73358,1.7340200000000001
733,2023-05-09 00:12:07,1.7336,1.73404
734,2023-05-09 00:12:07,1.73359,1.73403
735,2023-05-09 00:12:07,1.73358,1.7340200000000001
736,2023-05-09 00:12:07,1.7336,1.73404
737,2023-05-09 00:12:08,1.73358,1.7340200000000001
738,2023-05-09 00:12:08,1.73359,1.73403
739,2023-05-09 00:12:09,1.73358,1.7340200000000001
740,2023-05-09 00:12:12,1.73357,1.73401
741,2023-05-09 00:12:15,1.73358,1.7340200000000001
742,2023-05-09 00:12:17,1.73356,1.734
743,2023-05-09 00:12:17,1.73354,1.7339799999999999
744,2023-05-09 00:12:19,1.7335500000000001,1.73399
745,2023-05-09 00:12:20,1.73358,1.7340200000000001
746,2023-05-09 00:12:20,1.73361,1.7340499999999999
747,2023-05-09 00:12:20,1.73367,1.73411
748,2023-05-09 00:12:20,1.73363,1.73407
749,2023-05-09 00:12:22,1.7336399999999998,1.73408
750,2023-05-09 00:12:26,1.73366,1.7341
751,2023-05-09 00:12:29,1.73367,1.73411
752,2023-05-09 00:12:31,1.73366,1.7341
753,2023-05-09 00:12:32,1.73367,1.73411
754,2023-05-09 00:12:32,1.7337,1.73414
755,2023-05-09 00:12:32,1.73368,1.7341199999999999
756,2023-05-09 00:12:35,1.73367,1.73411
757,2023-05-09 00:12:35,1.73368,1.7341199999999999
758,2023-05-09 00:12:37,1.73366,1.7341
759,2023-05-09 00:12:38,1.7337099999999999,1.73415
760,2023-05-09 00:12:39,1.7337,1.73414
761,2023-05-09 00:12:40,1.73361,1.7340499999999999
762,2023-05-09 00:12:43,1.7336200000000002,1.73406
763,2023-05-09 00:12:47,1.73363,1.73407
764,2023-05-09 00:12:48,1.73361,1.7340499999999999
765,2023-05-09 00:12:48,1.73359,1.73403
766,2023-05-09 00:12:48,1.7336,1.73404
767,2023-05-09 00:12:53,1.73361,1.7340499999999999
768,2023-05-09 00:12:53,1.73358,1.7340200000000001
769,2023-05-09 00:12:53,1.7336,1.73404
770,2023-05-09 00:12:55,1.73361,1.7340499999999999
771,2023-05-09 00:12:55,1.73356,1.734
772,2023-05-09 00:12:58,1.73352,1.73396
773,2023-05-09 00:12:58,1.7335099999999999,1.73395
774,2023-05-09 00:12:59,1.73349,1.73393
775,2023-05-09 00:12:59,1.73347,1.7339099999999998
776,2023-05-09 00:13:00,1.7335,1.73394
777,2023-05-09 00:13:01,1.7335099999999999,1.73395
778,2023-05-09 00:13:03,1.7334800000000001,1.73392
779,2023-05-09 00:13:03,1.7335099999999999,1.73395
780,2023-05-09 00:13:04,1.73353,1.73397
781,2023-05-09 00:13:04,1.73352,1.73396
782,2023-05-09 00:13:05,1.7335099999999999,1.73395
783,2023-05-09 00:13:05,1.73349,1.73393
784,2023-05-09 00:13:08,1.7335,1.73394
785,2023-05-09 00:13:08,1.7335099999999999,1.73395
786,2023-05-09 00:13:11,1.73353,1.73397
787,2023-05-09 00:13:11,1.7335,1.73394
788,2023-05-09 00:13:11,1.73353,1.73397
789,2023-05-09 00:13:13,1.7335500000000001,1.73399
790,2023-05-09 00:13:13,1.73352,1.73396
791,2023-05-09 00:13:16,1.7335099999999999,1.73395
792,2023-05-09 00:13:16,1.73354,1.7339799999999999
793,2023-05-09 00:13:16,1.7335099999999999,1.73395
794,2023-05-09 00:13:18,1.73358,1.7340200000000001
795,2023-05-09 00:13:20,1.73357,1.73401
796,2023-05-09 00:13:20,1.73358,1.7340200000000001
797,2023-05-09 00:13:23,1.73365,1.7340900000000001
798,2023-05-09 00:13:24,1.73358,1.7340200000000001
799,2023-05-09 00:13:24,1.7335500000000001,1.73399
800,2023-05-09 00:13:27,1.73356,1.734
801,2023-05-09 00:13:28,1.73357,1.73401
802,2023-05-09 00:13:29,1.7335500000000001,1.73399
803,2023-05-09 00:13:29,1.73357,1.73401
804,2023-05-09 00:13:31,1.73359,1.73403
805,2023-05-09 00:13:31,1.73357,1.73401
806,2023-05-09 00:13:33,1.73358,1.7340200000000001
807,2023-05-09 00:13:34,1.73352,1.73396
808,2023-05-09 00:13:35,1.7335099999999999,1.73395
809,2023-05-09 00:13:39,1.7335,1.73394
810,2023-05-09 00:13:39,1.7335099999999999,1.73395
811,2023-05-09 00:13:41,1.73352,1.73396
812,2023-05-09 00:13:41,1.73353,1.73397
813,2023-05-09 00:13:42,1.7335099999999999,1.73395
814,2023-05-09 00:13:44,1.73346,1.7339
815,2023-05-09 00:13:44,1.7337099999999999,1.73415
816,2023-05-09 00:13:44,1.73372,1.7341600000000001
817,2023-05-09 00:13:45,1.7337500000000001,1.73419
818,2023-05-09 00:13:46,1.73374,1.73418
819,2023-05-09 00:13:48,1.73376,1.7342
820,2023-05-09 00:13:48,1.73372,1.7341600000000001
821,2023-05-09 00:13:48,1.73376,1.7342
822,2023-05-09 00:13:49,1.73374,1.73418
823,2023-05-09 00:13:49,1.73379,1.7342300000000002
824,2023-05-09 00:13:49,1.73383,1.73427
825,2023-05-09 00:13:50,1.7338,1.73424
826,2023-05-09 00:13:50,1.73381,1.7342499999999998
827,2023-05-09 00:13:50,1.7338,1.73424
828,2023-05-09 00:13:51,1.73381,1.7342499999999998
829,2023-05-09 00:13:53,1.73386,1.7343
830,2023-05-09 00:13:53,1.7338200000000001,1.73426
831,2023-05-09 00:13:53,1.7338,1.73424
832,2023-05-09 00:13:54,1.73377,1.73421
833,2023-05-09 00:13:55,1.73376,1.7342
834,2023-05-09 00:13:57,1.73377,1.73421
835,2023-05-09 00:14:00,1.73377,1.73421
836,2023-05-09 00:14:01,1.73376,1.7342
837,2023-05-09 00:14:01,1.7337500000000001,1.73419
838,2023-05-09 00:14:01,1.73376,1.7342
839,2023-05-09 00:14:02,1.73379,1.7342300000000002
840,2023-05-09 00:14:02,1.7337799999999999,1.73422
841,2023-05-09 00:14:02,1.73374,1.73418
842,2023-05-09 00:14:02,1.7337500000000001,1.73419
843,2023-05-09 00:14:06,1.73374,1.73418
844,2023-05-09 00:14:06,1.7337500000000001,1.73419
845,2023-05-09 00:14:07,1.73376,1.7342
846,2023-05-09 00:14:08,1.73374,1.73418
847,2023-05-09 00:14:08,1.7337500000000001,1.73419
848,2023-05-09 00:14:09,1.73377,1.73421
849,2023-05-09 00:14:09,1.7337500000000001,1.73419
850,2023-05-09 00:14:10,1.73377,1.73421
851,2023-05-09 00:14:10,1.73379,1.7342300000000002
852,2023-05-09 00:14:11,1.7337799999999999,1.73422
853,2023-05-09 00:14:11,1.73379,1.7342300000000002
854,2023-05-09 00:14:12,1.7338,1.73424
855,2023-05-09 00:14:13,1.73373,1.73417
856,2023-05-09 00:14:13,1.7337099999999999,1.73415
857,2023-05-09 00:14:15,1.73368,1.7341199999999999
858,2023-05-09 00:14:18,1.73365,1.7340900000000001
859,2023-05-09 00:14:18,1.7336399999999998,1.73408
860,2023-05-09 00:14:18,1.7336,1.73404
861,2023-05-09 00:14:20,1.73358,1.7340200000000001
862,2023-05-09 00:14:21,1.7336,1.73404
863,2023-05-09 00:14:23,1.73358,1.7340200000000001
864,2023-05-09 00:14:23,1.7335099999999999,1.73395
865,2023-05-09 00:14:24,1.73352,1.73396
866,2023-05-09 00:14:24,1.7335,1.73394
867,2023-05-09 00:14:25,1.73346,1.7339
868,2023-05-09 00:14:28,1.7334399999999999,1.73388
869,2023-05-09 00:14:28,1.73339,1.73383
870,2023-05-09 00:14:29,1.7334100000000001,1.73385
871,2023-05-09 00:14:29,1.73336,1.7338
872,2023-05-09 00:14:32,1.73335,1.73379
873,2023-05-09 00:14:32,1.73338,1.7338200000000001
874,2023-05-09 00:14:34,1.73339,1.73383
875,2023-05-09 00:14:34,1.7333699999999999,1.73381
876,2023-05-09 00:14:34,1.73338,1.7338200000000001
877,2023-05-09 00:14:35,1.73334,1.7337799999999999
878,2023-05-09 00:14:35,1.73339,1.73383
879,2023-05-09 00:14:36,1.73342,1.73386
880,2023-05-09 00:14:37,1.7334100000000001,1.73385
881,2023-05-09 00:14:37,1.7334,1.73384
882,2023-05-09 00:14:38,1.73339,1.73383
883,2023-05-09 00:14:39,1.73336,1.7338
884,2023-05-09 00:14:40,1.7333699999999999,1.73381
885,2023-05-09 00:14:41,1.73336,1.7338
886,2023-05-09 00:14:41,1.73338,1.7338200000000001
887,2023-05-09 00:14:42,1.73336,1.7338
888,2023-05-09 00:14:45,1.73335,1.73379
889,2023-05-09 00:14:45,1.7334800000000001,1.73392
890,2023-05-09 00:14:46,1.73349,1.73393
891,2023-05-09 00:14:46,1.7334800000000001,1.73392
892,2023-05-09 00:14:46,1.73349,1.73393
893,2023-05-09 00:14:46,1.7334800000000001,1.73392
894,2023-05-09 00:14:47,1.73346,1.7339
895,2023-05-09 00:14:48,1.73347,1.7339099999999998
896,2023-05-09 00:14:49,1.7334399999999999,1.73388
897,2023-05-09 00:14:50,1.73343,1.73387
898,2023-05-09 00:14:50,1.7334399999999999,1.73388
899,2023-05-09 00:14:52,1.73342,1.73386
900,2023-05-09 00:14:54,1.73343,1.73387
901,2023-05-09 00:14:54,1.73347,1.7339099999999998
902,2023-05-09 00:14:54,1.73345,1.7338900000000002
903,2023-05-09 00:14:55,1.7334399999999999,1.73388
904,2023-05-09 00:14:55,1.73342,1.73386
905,2023-05-09 00:14:56,1.7334800000000001,1.73392
906,2023-05-09 00:14:56,1.73347,1.7339099999999998
907,2023-05-09 00:14:57,1.73334,1.7337799999999999
908,2023-05-09 00:14:57,1.73335,1.73379
909,2023-05-09 00:14:58,1.73336,1.7338
910,2023-05-09 00:15:00,1.73336,1.7338
911,2023-05-09 00:15:00,1.73335,1.73379
912,2023-05-09 00:15:01,1.73336,1.7338
913,2023-05-09 00:15:01,1.7333699999999999,1.73381
914,2023-05-09 00:15:02,1.73338,1.7338200000000001
915,2023-05-09 00:15:02,1.73333,1.73377
916,2023-05-09 00:15:03,1.73334,1.7337799999999999
917,2023-05-09 00:15:04,1.7332999999999998,1.73374
918,2023-05-09 00:15:04,1.73334,1.7337799999999999
919,2023-05-09 00:15:05,1.7332999999999998,1.73374
920,2023-05-09 00:15:05,1.73329,1.73373
921,2023-05-09 00:15:06,1.7332800000000002,1.73372
922,2023-05-09 00:15:07,1.73329,1.73373
923,2023-05-09 00:15:08,1.73326,1.7337
924,2023-05-09 00:15:08,1.73325,1.73369
925,2023-05-09 00:15:08,1.7332100000000001,1.73365
926,2023-05-09 00:15:10,1.7332,1.7336399999999998
927,2023-05-09 00:15:12,1.7332100000000001,1.73365
928,2023-05-09 00:15:14,1.73322,1.73366
929,2023-05-09 00:15:15,1.7332100000000001,1.73365
930,2023-05-09 00:15:15,1.7332,1.7336399999999998
931,2023-05-09 00:15:15,1.73322,1.73366
932,2023-05-09 00:15:15,1.73326,1.7337
933,2023-05-09 00:15:16,1.73327,1.7337099999999999
934,2023-05-09 00:15:16,1.7332800000000002,1.73372
935,2023-05-09 00:15:17,1.73327,1.7337099999999999
936,2023-05-09 00:15:18,1.7332999999999998,1.73374
937,2023-05-09 00:15:20,1.73327,1.7337099999999999
938,2023-05-09 00:15:20,1.7334,1.73384
939,2023-05-09 00:15:21,1.73343,1.73387
940,2023-05-09 00:15:25,1.73345,1.7338900000000002
941,2023-05-09 00:15:25,1.7334399999999999,1.73388
942,2023-05-09 00:15:27,1.73347,1.7339099999999998
943,2023-05-09 00:15:27,1.73349,1.73393
944,2023-05-09 00:15:28,1.73342,1.73386
945,2023-05-09 00:15:29,1.7334,1.73384
946,2023-05-09 00:15:30,1.73339,1.73383
947,2023-05-09 00:15:30,1.7334,1.73384
948,2023-05-09 00:15:31,1.7334100000000001,1.73385
949,2023-05-09 00:15:31,1.73342,1.73386
950,2023-05-09 00:15:32,1.7334100000000001,1.73385
951,2023-05-09 00:15:32,1.73339,1.73383
952,2023-05-09 00:15:32,1.7334,1.73384
953,2023-05-09 00:15:33,1.73343,1.73387
954,2023-05-09 00:15:34,1.73349,1.73393
955,2023-05-09 00:15:34,1.7335099999999999,1.73395
956,2023-05-09 00:15:35,1.73345,1.7338900000000002
957,2023-05-09 00:15:35,1.73346,1.7339
958,2023-05-09 00:15:36,1.73345,1.7338900000000002
959,2023-05-09 00:15:36,1.73346,1.7339
960,2023-05-09 00:15:37,1.73345,1.7338900000000002
961,2023-05-09 00:15:37,1.73346,1.7339
962,2023-05-09 00:15:38,1.73345,1.7338900000000002
963,2023-05-09 00:15:38,1.73346,1.7339
964,2023-05-09 00:15:39,1.73345,1.7338900000000002
965,2023-05-09 00:15:39,1.73349,1.73393
966,2023-05-09 00:15:39,1.73347,1.7339099999999998
967,2023-05-09 00:15:40,1.73345,1.7338900000000002
968,2023-05-09 00:15:40,1.73347,1.7339099999999998
969,2023-05-09 00:15:41,1.73346,1.7339
970,2023-05-09 00:15:42,1.73352,1.73396
971,2023-05-09 00:15:42,1.7335,1.73394
972,2023-05-09 00:15:43,1.7335099999999999,1.73395
973,2023-05-09 00:15:43,1.7335,1.73394
974,2023-05-09 00:15:44,1.7335099999999999,1.73395
975,2023-05-09 00:15:44,1.73349,1.73393
976,2023-05-09 00:15:46,1.73346,1.7339
977,2023-05-09 00:15:49,1.73342,1.73386
978,2023-05-09 00:15:49,1.7334399999999999,1.73388
979,2023-05-09 00:15:49,1.73342,1.73386
980,2023-05-09 00:15:50,1.7334399999999999,1.73388
981,2023-05-09 00:15:51,1.73346,1.7339
982,2023-05-09 00:15:52,1.73345,1.7338900000000002
983,2023-05-09 00:15:53,1.7335,1.73394
984,2023-05-09 00:15:55,1.73349,1.73393
985,2023-05-09 00:15:55,1.73347,1.7339099999999998
986,2023-05-09 00:15:56,1.73346,1.7339
987,2023-05-09 00:15:56,1.73352,1.73396
988,2023-05-09 00:15:56,1.7335099999999999,1.73395
989,2023-05-09 00:15:57,1.7334800000000001,1.73392
990,2023-05-09 00:15:57,1.73349,1.73393
991,2023-05-09 00:15:57,1.73347,1.7339099999999998
992,2023-05-09 00:15:59,1.73349,1.73393
993,2023-05-09 00:16:00,1.73347,1.7339099999999998
994,2023-05-09 00:16:00,1.7335099999999999,1.73395
995,2023-05-09 00:16:00,1.7335,1.73394
996,2023-05-09 00:16:00,1.73349,1.73393
997,2023-05-09 00:16:01,1.73358,1.7340200000000001
998,2023-05-09 00:16:02,1.73356,1.734
999,2023-05-09 00:16:02,1.73354,1.7339799999999999
1000,2023-05-09 00:16:03,1.73352,1.73396
1001,2023-05-09 00:16:03,1.7335099999999999,1.73395
1002,2023-05-09 00:16:05,1.7335,1.73394
1003,2023-05-09 00:16:09,1.7334800000000001,1.73392
1004,2023-05-09 00:16:11,1.73346,1.7339
1005,2023-05-09 00:16:11,1.73347,1.7339099999999998
1006,2023-05-09 00:16:12,1.73349,1.73393
1007,2023-05-09 00:16:12,1.7335099999999999,1.73395
1008,2023-05-09 00:16:15,1.73349,1.73393
1009,2023-05-09 00:16:16,1.73343,1.73387
1010,2023-05-09 00:16:16,1.73342,1.73386
1011,2023-05-09 00:16:17,1.73343,1.73387
1012,2023-05-09 00:16:21,1.73345,1.7338900000000002
1013,2023-05-09 00:16:21,1.7334100000000001,1.73385
1014,2023-05-09 00:16:22,1.7334,1.73384
1015,2023-05-09 00:16:25,1.73342,1.73386
1016,2023-05-09 00:16:25,1.73343,1.73387
1017,2023-05-09 00:16:26,1.7334100000000001,1.73385
1018,2023-05-09 00:16:26,1.73339,1.73383
1019,2023-05-09 00:16:31,1.7334,1.73384
1020,2023-05-09 00:16:33,1.73342,1.73386
1021,2023-05-09 00:16:34,1.73345,1.7338900000000002
1022,2023-05-09 00:16:40,1.73346,1.7339
1023,2023-05-09 00:16:41,1.73342,1.73386
1024,2023-05-09 00:16:41,1.73338,1.7338200000000001
1025,2023-05-09 00:16:42,1.7334100000000001,1.73385
1026,2023-05-09 00:16:43,1.7334,1.73384
1027,2023-05-09 00:16:43,1.73339,1.73383
1028,2023-05-09 00:16:43,1.7334,1.73384
1029,2023-05-09 00:16:45,1.7334100000000001,1.73385
1030,2023-05-09 00:16:46,1.7334,1.73384
1031,2023-05-09 00:16:47,1.73339,1.73383
1032,2023-05-09 00:16:48,1.7334100000000001,1.73385
1033,2023-05-09 00:16:48,1.73342,1.73386
1034,2023-05-09 00:16:49,1.73343,1.73387
1035,2023-05-09 00:16:50,1.7334100000000001,1.73385
1036,2023-05-09 00:16:50,1.73343,1.73387
1037,2023-05-09 00:16:51,1.7334100000000001,1.73385
1038,2023-05-09 00:16:52,1.7334,1.73384
1039,2023-05-09 00:16:55,1.73338,1.7338200000000001
1040,2023-05-09 00:16:56,1.7334100000000001,1.73385
1041,2023-05-09 00:16:56,1.73339,1.73383
1042,2023-05-09 00:16:56,1.73347,1.7339099999999998
1043,2023-05-09 00:16:57,1.7334399999999999,1.73388
1044,2023-05-09 00:16:58,1.73347,1.7339099999999998
1045,2023-05-09 00:16:58,1.7334399999999999,1.73388
1046,2023-05-09 00:16:58,1.73342,1.73386
1047,2023-05-09 00:17:00,1.73342,1.73386
1048,2023-05-09 00:17:01,1.7334,1.73384
1049,2023-05-09 00:17:02,1.73339,1.73383
1050,2023-05-09 00:17:02,1.7334100000000001,1.73385
1051,2023-05-09 00:17:03,1.7334,1.73384
1052,2023-05-09 00:17:03,1.7334100000000001,1.73385
1053,2023-05-09 00:17:04,1.73342,1.73386
1054,2023-05-09 00:17:04,1.7334100000000001,1.73385
1055,2023-05-09 00:17:07,1.73339,1.73383
1056,2023-05-09 00:17:07,1.7334,1.73384
1057,2023-05-09 00:17:08,1.73335,1.73379
1058,2023-05-09 00:17:09,1.73336,1.7338
1059,2023-05-09 00:17:11,1.73326,1.7337
1060,2023-05-09 00:17:12,1.73319,1.73363
1061,2023-05-09 00:17:12,1.73315,1.73359
1062,2023-05-09 00:17:17,1.73312,1.73356
1063,2023-05-09 00:17:20,1.73313,1.73357
1064,2023-05-09 00:17:21,1.7331400000000001,1.73358
1065,2023-05-09 00:17:21,1.73308,1.73352
1066,2023-05-09 00:17:22,1.73306,1.7335
1067,2023-05-09 00:17:22,1.73299,1.73343
1068,2023-05-09 00:17:23,1.73298,1.73342
1069,2023-05-09 00:17:26,1.7329599999999998,1.7334
1070,2023-05-09 00:17:26,1.733,1.7334399999999999
1071,2023-05-09 00:17:26,1.73297,1.7334100000000001
1072,2023-05-09 00:17:27,1.73298,1.73342
1073,2023-05-09 00:17:28,1.73293,1.7333699999999999
1074,2023-05-09 00:17:33,1.73295,1.73339
1075,2023-05-09 00:17:33,1.73297,1.7334100000000001
1076,2023-05-09 00:17:37,1.7329400000000001,1.73338
1077,2023-05-09 00:17:37,1.73293,1.7333699999999999
1078,2023-05-09 00:17:38,1.7329599999999998,1.7334
1079,2023-05-09 00:17:40,1.73295,1.73339
1080,2023-05-09 00:17:42,1.73293,1.7333699999999999
1081,2023-05-09 00:17:42,1.7329400000000001,1.73338
1082,2023-05-09 00:17:43,1.7328700000000001,1.73331
1083,2023-05-09 00:17:44,1.73293,1.7333699999999999
1084,2023-05-09 00:17:44,1.73292,1.73336
1085,2023-05-09 00:17:45,1.7328999999999999,1.73334
1086,2023-05-09 00:17:46,1.73292,1.73336
1087,2023-05-09 00:17:47,1.7329599999999998,1.7334
1088,2023-05-09 00:17:47,1.73297,1.7334100000000001
1089,2023-05-09 00:17:49,1.73298,1.73342
1090,2023-05-09 00:17:51,1.7329599999999998,1.7334
1091,2023-05-09 00:17:53,1.73293,1.7333699999999999
1092,2023-05-09 00:17:53,1.7328700000000001,1.73331
1093,2023-05-09 00:17:53,1.7328999999999999,1.73334
1094,2023-05-09 00:17:56,1.73291,1.73335
1095,2023-05-09 00:17:56,1.73289,1.73333
1096,2023-05-09 00:17:56,1.73311,1.7335500000000001
1097,2023-05-09 00:17:58,1.73312,1.73356
1098,2023-05-09 00:17:58,1.73308,1.73352
1099,2023-05-09 00:18:00,1.7330999999999999,1.73354
1100,2023-05-09 00:18:01,1.73311,1.7335500000000001
1101,2023-05-09 00:18:01,1.73312,1.73356
1102,2023-05-09 00:18:02,1.73316,1.7336
1103,2023-05-09 00:18:04,1.73322,1.73366
1104,2023-05-09 00:18:04,1.7331699999999999,1.73361
1105,2023-05-09 00:18:04,1.73318,1.7336200000000002
1106,2023-05-09 00:18:05,1.7332100000000001,1.73365
1107,2023-05-09 00:18:05,1.73325,1.73369
1108,2023-05-09 00:18:06,1.73323,1.73367
1109,2023-05-09 00:18:08,1.73318,1.7336200000000002
1110,2023-05-09 00:18:08,1.7332100000000001,1.73365
1111,2023-05-09 00:18:10,1.73324,1.73368
1112,2023-05-09 00:18:12,1.73322,1.73366
1113,2023-05-09 00:18:12,1.73323,1.73367
1114,2023-05-09 00:18:15,1.7332800000000002,1.73372
1115,2023-05-09 00:18:15,1.73324,1.73368
1116,2023-05-09 00:18:16,1.73318,1.7336200000000002
1117,2023-05-09 00:18:17,1.73319,1.73363
1118,2023-05-09 00:18:18,1.7332100000000001,1.73365
1119,2023-05-09 00:18:21,1.73322,1.73366
1120,2023-05-09 00:18:28,1.73326,1.7337
1121,2023-05-09 00:18:28,1.73319,1.73363
1122,2023-05-09 00:18:28,1.73318,1.7336200000000002
1123,2023-05-09 00:18:30,1.73319,1.73363
1124,2023-05-09 00:18:32,1.7332,1.7336399999999998
1125,2023-05-09 00:18:34,1.7332100000000001,1.73365
1126,2023-05-09 00:18:38,1.73319,1.73363
1127,2023-05-09 00:18:38,1.7331400000000001,1.73358
1128,2023-05-09 00:18:42,1.73315,1.73359
1129,2023-05-09 00:18:43,1.73316,1.7336
1130,2023-05-09 00:18:45,1.73322,1.73366
1131,2023-05-09 00:18:47,1.7332100000000001,1.73365
1132,2023-05-09 00:18:47,1.73322,1.73366
1133,2023-05-09 00:18:48,1.7332100000000001,1.73365
1134,2023-05-09 00:18:48,1.73324,1.73368
1135,2023-05-09 00:18:49,1.7332100000000001,1.73365
1136,2023-05-09 00:18:51,1.7331400000000001,1.73358
1137,2023-05-09 00:18:52,1.73316,1.7336
1138,2023-05-09 00:18:52,1.73312,1.73356
1139,2023-05-09 00:18:56,1.7331400000000001,1.73358
1140,2023-05-09 00:18:57,1.73313,1.73357
1141,2023-05-09 00:18:57,1.73311,1.7335500000000001
1142,2023-05-09 00:18:59,1.7330999999999999,1.73354
1143,2023-05-09 00:19:00,1.7330999999999999,1.73354
1144,2023-05-09 00:19:01,1.73311,1.7335500000000001
1145,2023-05-09 00:19:01,1.7330999999999999,1.73354
1146,2023-05-09 00:19:03,1.73312,1.73356
1147,2023-05-09 00:19:03,1.7331400000000001,1.73358
1148,2023-05-09 00:19:06,1.73312,1.73356
1149,2023-05-09 00:19:07,1.73311,1.7335500000000001
1150,2023-05-09 00:19:09,1.73309,1.73353
1151,2023-05-09 00:19:09,1.7330999999999999,1.73354
1152,2023-05-09 00:19:11,1.73312,1.73356
1153,2023-05-09 00:19:11,1.7331400000000001,1.73358
1154,2023-05-09 00:19:13,1.73318,1.7336200000000002
1155,2023-05-09 00:19:15,1.7332,1.7336399999999998
1156,2023-05-09 00:19:16,1.7332100000000001,1.73365
1157,2023-05-09 00:19:18,1.73327,1.7337099999999999
1158,2023-05-09 00:19:20,1.73332,1.73376
1159,2023-05-09 00:19:21,1.73331,1.7337500000000001
1160,2023-05-09 00:19:23,1.7332999999999998,1.73374
1161,2023-05-09 00:19:25,1.7332800000000002,1.73372
1162,2023-05-09 00:19:30,1.73331,1.7337500000000001
1163,2023-05-09 00:19:30,1.73329,1.73373
1164,2023-05-09 00:19:30,1.73327,1.7337099999999999
1165,2023-05-09 00:19:31,1.73325,1.73369
1166,2023-05-09 00:19:34,1.73324,1.73368
1167,2023-05-09 00:19:34,1.73323,1.73367
1168,2023-05-09 00:19:35,1.73331,1.7337500000000001
1169,2023-05-09 00:19:39,1.73329,1.73373
1170,2023-05-09 00:19:39,1.7332800000000002,1.73372
1171,2023-05-09 00:19:39,1.73324,1.73368
1172,2023-05-09 00:19:40,1.73315,1.73359
1173,2023-05-09 00:19:40,1.73309,1.73353
1174,2023-05-09 00:19:44,1.73311,1.7335500000000001
1175,2023-05-09 00:19:47,1.73312,1.73356
1176,2023-05-09 00:19:48,1.73309,1.73353
1177,2023-05-09 00:19:49,1.73322,1.73366
1178,2023-05-09 00:19:53,1.73323,1.73367
1179,2023-05-09 00:19:56,1.7332,1.7336399999999998
1180,2023-05-09 00:19:56,1.73318,1.7336200000000002
1181,2023-05-09 00:19:57,1.7331699999999999,1.73361
1182,2023-05-09 00:19:57,1.73315,1.73359
1183,2023-05-09 00:19:58,1.73313,1.73357
1184,2023-05-09 00:19:58,1.73311,1.7335500000000001
1185,2023-05-09 00:19:59,1.7330999999999999,1.73354
1186,2023-05-09 00:19:59,1.73311,1.7335500000000001
1187,2023-05-09 00:20:00,1.73311,1.7335500000000001
1188,2023-05-09 00:20:00,1.73318,1.7336200000000002
1189,2023-05-09 00:20:00,1.7331699999999999,1.73361
1190,2023-05-09 00:20:01,1.73318,1.7336200000000002
1191,2023-05-09 00:20:01,1.7331699999999999,1.73361
1192,2023-05-09 00:20:01,1.73315,1.73359
1193,2023-05-09 00:20:02,1.7331400000000001,1.73358
1194,2023-05-09 00:20:02,1.73315,1.73359
1195,2023-05-09 00:20:03,1.73311,1.7335500000000001
1196,2023-05-09 00:20:04,1.73309,1.73353
1197,2023-05-09 00:20:04,1.73319,1.73363
1198,2023-05-09 00:20:05,1.73322,1.73366
1199,2023-05-09 00:20:06,1.73323,1.73367
1200,2023-05-09 00:20:06,1.73324,1.73368
1201,2023-05-09 00:20:07,1.73323,1.73367
1202,2023-05-09 00:20:08,1.73325,1.73369
1203,2023-05-09 00:20:08,1.73324,1.73368
1204,2023-05-09 00:20:12,1.73323,1.73367
1205,2023-05-09 00:20:15,1.73319,1.73363
1206,2023-05-09 00:20:15,1.73318,1.7336200000000002
1207,2023-05-09 00:20:19,1.7332,1.7336399999999998
1208,2023-05-09 00:20:21,1.73322,1.73366
1209,2023-05-09 00:20:21,1.73333,1.73377
1210,2023-05-09 00:20:22,1.73334,1.7337799999999999
1211,2023-05-09 00:20:22,1.73335,1.73379
1212,2023-05-09 00:20:23,1.73334,1.7337799999999999
1213,2023-05-09 00:20:25,1.7332800000000002,1.73372
1214,2023-05-09 00:20:25,1.73326,1.7337
1215,2023-05-09 00:20:25,1.73322,1.73366
1216,2023-05-09 00:20:25,1.73323,1.73367
1217,2023-05-09 00:20:26,1.73335,1.73379
1218,2023-05-09 00:20:26,1.7334,1.73384
1219,2023-05-09 00:20:27,1.73338,1.7338200000000001
1220,2023-05-09 00:20:28,1.7334,1.73384
1221,2023-05-09 00:20:29,1.7334100000000001,1.73385
1222,2023-05-09 00:20:29,1.73342,1.73386
1223,2023-05-09 00:20:29,1.7334,1.73384
1224,2023-05-09 00:20:32,1.73342,1.73386
1225,2023-05-09 00:20:33,1.73343,1.73387
1226,2023-05-09 00:20:34,1.7334399999999999,1.73388
1227,2023-05-09 00:20:35,1.73343,1.73387
1228,2023-05-09 00:20:35,1.7334399999999999,1.73388
1229,2023-05-09 00:20:36,1.73343,1.73387
1230,2023-05-09 00:20:42,1.73342,1.73386
1231,2023-05-09 00:20:45,1.7334100000000001,1.73385
1232,2023-05-09 00:20:45,1.73342,1.73386
1233,2023-05-09 00:20:46,1.73339,1.73383
1234,2023-05-09 00:20:47,1.7334,1.73384
1235,2023-05-09 00:20:48,1.7334100000000001,1.73385
1236,2023-05-09 00:20:48,1.73336,1.7338
1237,2023-05-09 00:20:54,1.73343,1.73387
1238,2023-05-09 00:20:54,1.7334100000000001,1.73385
1239,2023-05-09 00:20:55,1.73338,1.7338200000000001
1240,2023-05-09 00:20:56,1.73339,1.73383
1241,2023-05-09 00:20:58,1.7334399999999999,1.73388
1242,2023-05-09 00:20:58,1.73343,1.73387
1243,2023-05-09 00:20:59,1.7334399999999999,1.73388
1244,2023-05-09 00:21:00,1.7334399999999999,1.73388
1245,2023-05-09 00:21:00,1.73336,1.7338
1246,2023-05-09 00:21:00,1.73326,1.7337
1247,2023-05-09 00:21:02,1.73325,1.73369
1248,2023-05-09 00:21:05,1.73327,1.7337099999999999
1249,2023-05-09 00:21:06,1.73326,1.7337
1250,2023-05-09 00:21:06,1.73327,1.7337099999999999
1251,2023-05-09 00:21:07,1.73326,1.7337
1252,2023-05-09 00:21:07,1.73332,1.73376
1253,2023-05-09 00:21:10,1.73333,1.73377
1254,2023-05-09 00:21:11,1.73331,1.7337500000000001
1255,2023-05-09 00:21:15,1.73332,1.73376
1256,2023-05-09 00:21:15,1.7332800000000002,1.73372
1257,2023-05-09 00:21:16,1.73326,1.7337
1258,2023-05-09 00:21:16,1.7332800000000002,1.73372
1259,2023-05-09 00:21:17,1.73325,1.73369
1260,2023-05-09 00:21:18,1.73327,1.7337099999999999
1261,2023-05-09 00:21:22,1.73331,1.7337500000000001
1262,2023-05-09 00:21:23,1.73329,1.73373
1263,2023-05-09 00:21:23,1.73331,1.7337500000000001
1264,2023-05-09 00:21:24,1.73333,1.73377
1265,2023-05-09 00:21:25,1.73332,1.73376
1266,2023-05-09 00:21:29,1.73331,1.7337500000000001
1267,2023-05-09 00:21:35,1.73332,1.73376
1268,2023-05-09 00:21:35,1.73333,1.73377
1269,2023-05-09 00:21:36,1.73331,1.7337500000000001
1270,2023-05-09 00:21:36,1.7332800000000002,1.73372
1271,2023-05-09 00:21:36,1.73327,1.7337099999999999
1272,2023-05-09 00:21:44,1.7332800000000002,1.73372
1273,2023-05-09 00:21:46,1.73327,1.7337099999999999
1274,2023-05-09 00:21:49,1.73326,1.7337
1275,2023-05-09 00:21:50,1.73327,1.7337099999999999
1276,2023-05-09 00:21:56,1.73325,1.73369
1277,2023-05-09 00:22:00,1.73325,1.73369
1278,2023-05-09 00:22:00,1.7332800000000002,1.73372
1279,2023-05-09 00:22:02,1.7332999999999998,1.73374
1280,2023-05-09 00:22:02,1.73345,1.7338900000000002
1281,2023-05-09 00:22:02,1.73352,1.73396
1282,2023-05-09 00:22:02,1.73353,1.73397
1283,2023-05-09 00:22:03,1.73352,1.73396
1284,2023-05-09 00:22:03,1.73354,1.7339799999999999
1285,2023-05-09 00:22:03,1.7335500000000001,1.73399
1286,2023-05-09 00:22:04,1.73353,1.73397
1287,2023-05-09 00:22:06,1.73352,1.73396
1288,2023-05-09 00:22:06,1.73353,1.73397
1289,2023-05-09 00:22:07,1.7335500000000001,1.73399
1290,2023-05-09 00:22:08,1.73354,1.7339799999999999
1291,2023-05-09 00:22:09,1.7335500000000001,1.73399
1292,2023-05-09 00:22:10,1.7336,1.73404
1293,2023-05-09 00:22:10,1.73356,1.734
1294,2023-05-09 00:22:10,1.7335500000000001,1.73399
1295,2023-05-09 00:22:12,1.73358,1.7340200000000001
1296,2023-05-09 00:22:12,1.73361,1.7340499999999999
1297,2023-05-09 00:22:14,1.73358,1.7340200000000001
1298,2023-05-09 00:22:16,1.73359,1.73403
1299,2023-05-09 00:22:20,1.73357,1.73401
1300,2023-05-09 00:22:20,1.73356,1.734
1301,2023-05-09 00:22:20,1.7335500000000001,1.73399
1302,2023-05-09 00:22:20,1.7335099999999999,1.73395
1303,2023-05-09 00:22:21,1.73353,1.73397
1304,2023-05-09 00:22:25,1.7335099999999999,1.73395
1305,2023-05-09 00:22:27,1.73353,1.73397
1306,2023-05-09 00:22:27,1.7335099999999999,1.73395
1307,2023-05-09 00:22:30,1.73353,1.73397
1308,2023-05-09 00:22:30,1.73356,1.734
1309,2023-05-09 00:22:31,1.73367,1.73411
1310,2023-05-09 00:22:31,1.73365,1.7340900000000001
1311,2023-05-09 00:22:36,1.7336399999999998,1.73408
1312,2023-05-09 00:22:36,1.73365,1.7340900000000001
1313,2023-05-09 00:22:37,1.73367,1.73411
1314,2023-05-09 00:22:37,1.7336399999999998,1.73408
1315,2023-05-09 00:22:41,1.73363,1.73407
1316,2023-05-09 00:22:41,1.7336399999999998,1.73408
1317,2023-05-09 00:22:42,1.73359,1.73403
1318,2023-05-09 00:22:42,1.73358,1.7340200000000001
1319,2023-05-09 00:22:45,1.73357,1.73401
1320,2023-05-09 00:22:46,1.73353,1.73397
1321,2023-05-09 00:22:47,1.7335,1.73394
1322,2023-05-09 00:22:47,1.73361,1.7340499999999999
1323,2023-05-09 00:22:47,1.7337099999999999,1.73415
1324,2023-05-09 00:22:47,1.73376,1.7342
1325,2023-05-09 00:22:48,1.73377,1.73421
1326,2023-05-09 00:22:49,1.73379,1.7342300000000002
1327,2023-05-09 00:22:49,1.73373,1.73417
1328,2023-05-09 00:22:49,1.7337500000000001,1.73419
1329,2023-05-09 00:22:50,1.73377,1.73421
1330,2023-05-09 00:22:51,1.7337500000000001,1.73419
1331,2023-05-09 00:22:52,1.73374,1.73418
1332,2023-05-09 00:22:52,1.73376,1.7342
1333,2023-05-09 00:22:53,1.73377,1.73421
1334,2023-05-09 00:22:53,1.7337799999999999,1.73422
1335,2023-05-09 00:22:56,1.73379,1.7342300000000002
1336,2023-05-09 00:22:57,1.73376,1.7342
1337,2023-05-09 00:22:57,1.7337099999999999,1.73415
1338,2023-05-09 00:22:57,1.73372,1.7341600000000001
1339,2023-05-09 00:22:58,1.7337099999999999,1.73415
1340,2023-05-09 00:23:00,1.7337099999999999,1.73415
1341,2023-05-09 00:23:00,1.73372,1.7341600000000001
1342,2023-05-09 00:23:00,1.73373,1.73417
1343,2023-05-09 00:23:07,1.7337,1.73414
1344,2023-05-09 00:23:07,1.73368,1.7341199999999999
1345,2023-05-09 00:23:08,1.73365,1.7340900000000001
1346,2023-05-09 00:23:09,1.73366,1.7341
1347,2023-05-09 00:23:10,1.7336,1.73404
1348,2023-05-09 00:23:11,1.7335500000000001,1.73399
1349,2023-05-09 00:23:12,1.73349,1.73393
1350,2023-05-09 00:23:13,1.7334800000000001,1.73392
1351,2023-05-09 00:23:13,1.7335099999999999,1.73395
1352,2023-05-09 00:23:13,1.73352,1.73396
1353,2023-05-09 00:23:14,1.73346,1.7339
1354,2023-05-09 00:23:14,1.7334399999999999,1.73388
1355,2023-05-09 00:23:15,1.73343,1.73387
1356,2023-05-09 00:23:18,1.73345,1.7338900000000002
1357,2023-05-09 00:23:21,1.7334800000000001,1.73392
1358,2023-05-09 00:23:21,1.73349,1.73393
1359,2023-05-09 00:23:22,1.73347,1.7339099999999998
1360,2023-05-09 00:23:24,1.7334800000000001,1.73392
1361,2023-05-09 00:23:26,1.73346,1.7339
1362,2023-05-09 00:23:27,1.73347,1.7339099999999998
1363,2023-05-09 00:23:27,1.73345,1.7338900000000002
1364,2023-05-09 00:23:28,1.73346,1.7339
1365,2023-05-09 00:23:29,1.73361,1.7340499999999999
1366,2023-05-09 00:23:29,1.73363,1.73407
1367,2023-05-09 00:23:30,1.7336200000000002,1.73406
1368,2023-05-09 00:23:30,1.7336,1.73404
1369,2023-05-09 00:23:30,1.7336200000000002,1.73406
1370,2023-05-09 00:23:32,1.7336,1.73404
1371,2023-05-09 00:23:33,1.73357,1.73401
1372,2023-05-09 00:23:33,1.73356,1.734
1373,2023-05-09 00:23:36,1.73353,1.73397
1374,2023-05-09 00:23:37,1.7336,1.73404
1375,2023-05-09 00:23:37,1.73359,1.73403
1376,2023-05-09 00:23:37,1.7336,1.73404
1377,2023-05-09 00:23:41,1.73361,1.7340499999999999
1378,2023-05-09 00:23:42,1.7336200000000002,1.73406
1379,2023-05-09 00:23:46,1.73365,1.7340900000000001
1380,2023-05-09 00:23:47,1.73361,1.7340499999999999
1381,2023-05-09 00:23:47,1.73363,1.73407
1382,2023-05-09 00:23:47,1.73361,1.7340499999999999
1383,2023-05-09 00:23:47,1.73359,1.73403
1384,2023-05-09 00:23:48,1.73358,1.7340200000000001
1385,2023-05-09 00:23:49,1.7336,1.73404
1386,2023-05-09 00:23:50,1.73358,1.7340200000000001
1387,2023-05-09 00:23:52,1.73361,1.7340499999999999
1388,2023-05-09 00:23:55,1.7336200000000002,1.73406
1389,2023-05-09 00:23:55,1.73356,1.734
1390,2023-05-09 00:23:56,1.73354,1.7339799999999999
1391,2023-05-09 00:23:56,1.73358,1.7340200000000001
1392,2023-05-09 00:23:57,1.7336,1.73404
1393,2023-05-09 00:23:59,1.73363,1.73407
1394,2023-05-09 00:24:00,1.73363,1.73407
1395,2023-05-09 00:24:00,1.73361,1.7340499999999999
1396,2023-05-09 00:24:02,1.7336200000000002,1.73406
1397,2023-05-09 00:24:07,1.73379,1.7342300000000002
1398,2023-05-09 00:24:07,1.7337799999999999,1.73422
1399,2023-05-09 00:24:08,1.73383,1.73427
1400,2023-05-09 00:24:08,1.7338,1.73424
1401,2023-05-09 00:24:08,1.73383,1.73427
1402,2023-05-09 00:24:09,1.73384,1.73428
1403,2023-05-09 00:24:09,1.7338200000000001,1.73426
1404,2023-05-09 00:24:11,1.73383,1.73427
1405,2023-05-09 00:24:17,1.73385,1.73429
1406,2023-05-09 00:24:18,1.73384,1.73428
1407,2023-05-09 00:24:18,1.73387,1.73431
1408,2023-05-09 00:24:18,1.73386,1.7343
1409,2023-05-09 00:24:21,1.73387,1.73431
1410,2023-05-09 00:24:21,1.7338900000000002,1.73433
1411,2023-05-09 00:24:23,1.73385,1.73429
1412,2023-05-09 00:24:23,1.73381,1.7342499999999998
1413,2023-05-09 00:24:23,1.73383,1.73427
1414,2023-05-09 00:24:23,1.7338200000000001,1.73426
1415,2023-05-09 00:24:24,1.7338,1.73424
1416,2023-05-09 00:24:28,1.73388,1.7343199999999999
1417,2023-05-09 00:24:28,1.7339099999999998,1.73435
1418,2023-05-09 00:24:28,1.73396,1.7344
1419,2023-05-09 00:24:29,1.73393,1.73437
1420,2023-05-09 00:24:29,1.73394,1.73438
1421,2023-05-09 00:24:29,1.73395,1.7343899999999999
1422,2023-05-09 00:24:30,1.73394,1.73438
1423,2023-05-09 00:24:30,1.73392,1.7343600000000001
1424,2023-05-09 00:24:31,1.73387,1.73431
1425,2023-05-09 00:24:31,1.73381,1.7342499999999998
1426,2023-05-09 00:24:31,1.73384,1.73428
1427,2023-05-09 00:24:32,1.73383,1.73427
1428,2023-05-09 00:24:35,1.7339,1.73434
1429,2023-05-09 00:24:35,1.73399,1.7344300000000001
1430,2023-05-09 00:24:36,1.73397,1.73441
1431,2023-05-09 00:24:37,1.7339799999999999,1.73442
1432,2023-05-09 00:24:37,1.73396,1.7344
1433,2023-05-09 00:24:37,1.73397,1.73441
1434,2023-05-09 00:24:37,1.73396,1.7344
1435,2023-05-09 00:24:38,1.73395,1.7343899999999999
1436,2023-05-09 00:24:38,1.73394,1.73438
1437,2023-05-09 00:24:39,1.73395,1.7343899999999999
1438,2023-05-09 00:24:40,1.73392,1.7343600000000001
1439,2023-05-09 00:24:41,1.73395,1.7343899999999999
1440,2023-05-09 00:24:41,1.73394,1.73438
1441,2023-05-09 00:24:42,1.73393,1.73437
1442,2023-05-09 00:24:42,1.73392,1.7343600000000001
1443,2023-05-09 00:24:42,1.7339,1.73434
1444,2023-05-09 00:24:42,1.73392,1.7343600000000001
1445,2023-05-09 00:24:44,1.73394,1.73438
1446,2023-05-09 00:24:45,1.73393,1.73437
1447,2023-05-09 00:24:45,1.73394,1.73438
1448,2023-05-09 00:24:45,1.73393,1.73437
1449,2023-05-09 00:24:45,1.73392,1.7343600000000001
1450,2023-05-09 00:24:46,1.7339099999999998,1.73435
1451,2023-05-09 00:24:47,1.73384,1.73428
1452,2023-05-09 00:24:47,1.73383,1.73427
1453,2023-05-09 00:24:47,1.7338200000000001,1.73426
1454,2023-05-09 00:24:47,1.73383,1.73427
1455,2023-05-09 00:24:48,1.73386,1.7343
1456,2023-05-09 00:24:48,1.73385,1.73429
1457,2023-05-09 00:24:48,1.73383,1.73427
1458,2023-05-09 00:24:49,1.73393,1.73437
1459,2023-05-09 00:24:50,1.73394,1.73438
1460,2023-05-09 00:24:50,1.73392,1.7343600000000001
1461,2023-05-09 00:24:50,1.73394,1.73438
1462,2023-05-09 00:24:51,1.73392,1.7343600000000001
1463,2023-05-09 00:24:51,1.7339099999999998,1.73435
1464,2023-05-09 00:24:51,1.73396,1.7344
1465,2023-05-09 00:24:52,1.73397,1.73441
1466,2023-05-09 00:24:52,1.7339,1.73434
1467,2023-05-09 00:24:52,1.73388,1.7343199999999999
1468,2023-05-09 00:24:52,1.73392,1.7343600000000001
1469,2023-05-09 00:24:55,1.73393,1.73437
1470,2023-05-09 00:24:57,1.73392,1.7343600000000001
1471,2023-05-09 00:24:57,1.73393,1.73437
1472,2023-05-09 00:24:58,1.73392,1.7343600000000001
1473,2023-05-09 00:24:58,1.7339099999999998,1.73435
1474,2023-05-09 00:24:59,1.73392,1.7343600000000001
1475,2023-05-09 00:24:59,1.73383,1.73427
1476,2023-05-09 00:24:59,1.7338200000000001,1.73426
1477,2023-05-09 00:25:00,1.73384,1.73428
1478,2023-05-09 00:25:01,1.73394,1.73438
1479,2023-05-09 00:25:02,1.73395,1.7343899999999999
1480,2023-05-09 00:25:03,1.73396,1.7344
1481,2023-05-09 00:25:04,1.73397,1.73441
1482,2023-05-09 00:25:04,1.73396,1.7344
1483,2023-05-09 00:25:05,1.73395,1.7343899999999999
1484,2023-05-09 00:25:05,1.73394,1.73438
1485,2023-05-09 00:25:07,1.73393,1.73437
1486,2023-05-09 00:25:08,1.73394,1.73438
1487,2023-05-09 00:25:09,1.7339099999999998,1.73435
1488,2023-05-09 00:25:09,1.73393,1.73437
1489,2023-05-09 00:25:09,1.73392,1.7343600000000001
1490,2023-05-09 00:25:10,1.73393,1.73437
1491,2023-05-09 00:25:11,1.73394,1.73438
1492,2023-05-09 00:25:11,1.7339099999999998,1.73435
1493,2023-05-09 00:25:11,1.73393,1.73437
1494,2023-05-09 00:25:13,1.7339099999999998,1.73435
1495,2023-05-09 00:25:16,1.73392,1.7343600000000001
1496,2023-05-09 00:25:19,1.73394,1.73438
1497,2023-05-09 00:25:19,1.73396,1.7344
1498,2023-05-09 00:25:19,1.73395,1.7343899999999999
1499,2023-05-09 00:25:21,1.73396,1.7344
1500,2023-05-09 00:25:23,1.73395,1.7343899999999999
1501,2023-05-09 00:25:23,1.7339099999999998,1.73435
1502,2023-05-09 00:25:24,1.73392,1.7343600000000001
1503,2023-05-09 00:25:26,1.73393,1.73437
1504,2023-05-09 00:25:26,1.73395,1.7343899999999999
1505,2023-05-09 00:25:27,1.73396,1.7344
1506,2023-05-09 00:25:27,1.73397,1.73441
1507,2023-05-09 00:25:28,1.73396,1.7344
1508,2023-05-09 00:25:31,1.73394,1.73438
1509,2023-05-09 00:25:31,1.73395,1.7343899999999999
1510,2023-05-09 00:25:32,1.73396,1.7344
1511,2023-05-09 00:25:32,1.73395,1.7343899999999999
1512,2023-05-09 00:25:35,1.73393,1.73437
1513,2023-05-09 00:25:35,1.73394,1.73438
1514,2023-05-09 00:25:39,1.73393,1.73437
1515,2023-05-09 00:25:39,1.73392,1.7343600000000001
1516,2023-05-09 00:25:40,1.73393,1.73437
1517,2023-05-09 00:25:40,1.7339099999999998,1.73435
1518,2023-05-09 00:25:44,1.73392,1.7343600000000001
1519,2023-05-09 00:25:44,1.73394,1.73438
1520,2023-05-09 00:25:45,1.73393,1.73437
1521,2023-05-09 00:25:45,1.73394,1.73438
1522,2023-05-09 00:25:46,1.7339099999999998,1.73435
1523,2023-05-09 00:25:46,1.7338900000000002,1.73433
1524,2023-05-09 00:25:47,1.73388,1.7343199999999999
1525,2023-05-09 00:25:47,1.7338900000000002,1.73433
1526,2023-05-09 00:25:48,1.7339099999999998,1.73435
1527,2023-05-09 00:25:48,1.73388,1.7343199999999999
1528,2023-05-09 00:25:49,1.7338900000000002,1.73433
1529,2023-05-09 00:25:49,1.7339,1.73434
1530,2023-05-09 00:25:49,1.73388,1.7343199999999999
1531,2023-05-09 00:25:50,1.7338900000000002,1.73433
1532,2023-05-09 00:25:51,1.73388,1.7343199999999999
1533,2023-05-09 00:25:51,1.73385,1.73429
1534,2023-05-09 00:25:52,1.73384,1.73428
1535,2023-05-09 00:25:53,1.73383,1.73427
1536,2023-05-09 00:25:53,1.73385,1.73429
1537,2023-05-09 00:25:59,1.73383,1.73427
1538,2023-05-09 00:26:00,1.73385,1.73429
1539,2023-05-09 00:26:04,1.73384,1.73428
1540,2023-05-09 00:26:07,1.7338200000000001,1.73426
1541,2023-05-09 00:26:08,1.73383,1.73427
1542,2023-05-09 00:26:09,1.73381,1.7342499999999998
1543,2023-05-09 00:26:09,1.7338200000000001,1.73426
1544,2023-05-09 00:26:09,1.73381,1.7342499999999998
1545,2023-05-09 00:26:10,1.73368,1.7341199999999999
1546,2023-05-09 00:26:10,1.73369,1.73413
1547,2023-05-09 00:26:10,1.73368,1.7341199999999999
1548,2023-05-09 00:26:12,1.73361,1.7340499999999999
1549,2023-05-09 00:26:14,1.73357,1.73401
1550,2023-05-09 00:26:16,1.73358,1.7340200000000001
1551,2023-05-09 00:26:17,1.73361,1.7340499999999999
1552,2023-05-09 00:26:17,1.73366,1.7341
1553,2023-05-09 00:26:18,1.73367,1.73411
1554,2023-05-09 00:26:20,1.73365,1.7340900000000001
1555,2023-05-09 00:26:20,1.73361,1.7340499999999999
1556,2023-05-09 00:26:25,1.73359,1.73403
1557,2023-05-09 00:26:26,1.73365,1.7340900000000001
1558,2023-05-09 00:26:26,1.73361,1.7340499999999999
1559,2023-05-09 00:26:30,1.73359,1.73403
1560,2023-05-09 00:26:30,1.7336200000000002,1.73406
1561,2023-05-09 00:26:30,1.7336,1.73404
1562,2023-05-09 00:26:31,1.73365,1.7340900000000001
1563,2023-05-09 00:26:36,1.73367,1.73411
1564,2023-05-09 00:26:36,1.73366,1.7341
1565,2023-05-09 00:26:37,1.73363,1.73407
1566,2023-05-09 00:26:38,1.73367,1.73411
1567,2023-05-09 00:26:38,1.7336200000000002,1.73406
1568,2023-05-09 00:26:38,1.7336,1.73404
1569,2023-05-09 00:26:39,1.73361,1.7340499999999999
1570,2023-05-09 00:26:40,1.7336200000000002,1.73406
1571,2023-05-09 00:26:40,1.73363,1.73407
1572,2023-05-09 00:26:40,1.73365,1.7340900000000001
1573,2023-05-09 00:26:42,1.7336200000000002,1.73406
1574,2023-05-09 00:26:46,1.73365,1.7340900000000001
1575,2023-05-09 00:26:47,1.73361,1.7340499999999999
1576,2023-05-09 00:26:47,1.73363,1.73407
1577,2023-05-09 00:26:50,1.7336200000000002,1.73406
1578,2023-05-09 00:26:51,1.73358,1.7340200000000001
1579,2023-05-09 00:26:51,1.7335500000000001,1.73399
1580,2023-05-09 00:26:51,1.73358,1.7340200000000001
1581,2023-05-09 00:26:53,1.73359,1.73403
1582,2023-05-09 00:26:53,1.73357,1.73401
1583,2023-05-09 00:26:54,1.73352,1.73396
1584,2023-05-09 00:26:54,1.7335,1.73394
1585,2023-05-09 00:26:55,1.73349,1.73393
1586,2023-05-09 00:26:56,1.7335,1.73394
1587,2023-05-09 00:27:00,1.73349,1.73393
1588,2023-05-09 00:27:01,1.73347,1.7339099999999998
1589,2023-05-09 00:27:01,1.7334800000000001,1.73392
1590,2023-05-09 00:27:01,1.7335,1.73394
1591,2023-05-09 00:27:02,1.7334800000000001,1.73392
1592,2023-05-09 00:27:03,1.7335,1.73394
1593,2023-05-09 00:27:04,1.73349,1.73393
1594,2023-05-09 00:27:04,1.7335,1.73394
1595,2023-05-09 00:27:05,1.73349,1.73393
1596,2023-05-09 00:27:06,1.7334800000000001,1.73392
1597,2023-05-09 00:27:08,1.73333,1.73377
1598,2023-05-09 00:27:11,1.7332800000000002,1.73372
1599,2023-05-09 00:27:12,1.73331,1.7337500000000001
1600,2023-05-09 00:27:13,1.73332,1.73376
1601,2023-05-09 00:27:21,1.73324,1.73368
1602,2023-05-09 00:27:22,1.73327,1.7337099999999999
1603,2023-05-09 00:27:22,1.73324,1.73368
1604,2023-05-09 00:27:29,1.73332,1.73376
1605,2023-05-09 00:27:29,1.73325,1.73369
1606,2023-05-09 00:27:30,1.73324,1.73368
1607,2023-05-09 00:27:31,1.73323,1.73367
1608,2023-05-09 00:27:31,1.73322,1.73366
1609,2023-05-09 00:27:32,1.7331699999999999,1.73361
1610,2023-05-09 00:27:33,1.73318,1.7336200000000002
1611,2023-05-09 00:27:35,1.73316,1.7336
1612,2023-05-09 00:27:36,1.7331699999999999,1.73361
1613,2023-05-09 00:27:39,1.7332,1.7336399999999998
1614,2023-05-09 00:27:41,1.73318,1.7336200000000002
1615,2023-05-09 00:27:42,1.7331400000000001,1.73358
1616,2023-05-09 00:27:42,1.73316,1.7336
1617,2023-05-09 00:27:43,1.7331699999999999,1.73361
1618,2023-05-09 00:27:44,1.7331400000000001,1.73358
1619,2023-05-09 00:27:46,1.73315,1.73359
1620,2023-05-09 00:27:47,1.7331400000000001,1.73358
1621,2023-05-09 00:27:47,1.73315,1.73359
1622,2023-05-09 00:27:47,1.73311,1.7335500000000001
1623,2023-05-09 00:27:56,1.7331400000000001,1.73358
1624,2023-05-09 00:27:57,1.73312,1.73356
1625,2023-05-09 00:27:57,1.7331400000000001,1.73358
1626,2023-05-09 00:27:59,1.7331699999999999,1.73361
1627,2023-05-09 00:27:59,1.73324,1.73368
1628,2023-05-09 00:28:00,1.73324,1.73368
1629,2023-05-09 00:28:00,1.73323,1.73367
1630,2023-05-09 00:28:01,1.7332,1.7336399999999998
1631,2023-05-09 00:28:03,1.73323,1.73367
1632,2023-05-09 00:28:04,1.73329,1.73373
1633,2023-05-09 00:28:04,1.73326,1.7337
1634,2023-05-09 00:28:07,1.73323,1.73367
1635,2023-05-09 00:28:10,1.73324,1.73368
1636,2023-05-09 00:28:11,1.73326,1.7337
1637,2023-05-09 00:28:13,1.7332800000000002,1.73372
1638,2023-05-09 00:28:17,1.73326,1.7337
1639,2023-05-09 00:28:17,1.7332800000000002,1.73372
1640,2023-05-09 00:28:18,1.73325,1.73369
1641,2023-05-09 00:28:18,1.73326,1.7337
1642,2023-05-09 00:28:21,1.73327,1.7337099999999999
1643,2023-05-09 00:28:22,1.73329,1.73373
1644,2023-05-09 00:28:23,1.73332,1.73376
1645,2023-05-09 00:28:24,1.73333,1.73377
1646,2023-05-09 00:28:28,1.73334,1.7337799999999999
1647,2023-05-09 00:28:29,1.73323,1.73367
1648,2023-05-09 00:28:30,1.73322,1.73366
1649,2023-05-09 00:28:30,1.73319,1.73363
1650,2023-05-09 00:28:36,1.73324,1.73368
1651,2023-05-09 00:28:38,1.73331,1.7337500000000001
1652,2023-05-09 00:28:39,1.7332999999999998,1.73374
1653,2023-05-09 00:28:41,1.73332,1.73376
1654,2023-05-09 00:28:43,1.73327,1.7337099999999999
1655,2023-05-09 00:28:43,1.73323,1.73367
1656,2023-05-09 00:28:44,1.73316,1.7336
1657,2023-05-09 00:28:44,1.7331400000000001,1.73358
1658,2023-05-09 00:28:44,1.7330999999999999,1.73354
1659,2023-05-09 00:28:45,1.73312,1.73356
1660,2023-05-09 00:28:46,1.73313,1.73357
1661,2023-05-09 00:28:47,1.73311,1.7335500000000001
1662,2023-05-09 00:28:48,1.7330999999999999,1.73354
1663,2023-05-09 00:28:49,1.73311,1.7335500000000001
1664,2023-05-09 00:28:52,1.73309,1.73353
1665,2023-05-09 00:29:00,1.73309,1.73353
1666,2023-05-09 00:29:00,1.73311,1.7335500000000001
1667,2023-05-09 00:29:04,1.73313,1.73357
1668,2023-05-09 00:29:06,1.73315,1.73359
1669,2023-05-09 00:29:11,1.7331699999999999,1.73361
1670,2023-05-09 00:29:13,1.73316,1.7336
1671,2023-05-09 00:29:18,1.73306,1.7335
1672,2023-05-09 00:29:18,1.7330299999999998,1.73347
1673,2023-05-09 00:29:20,1.73302,1.73346
1674,2023-05-09 00:29:20,1.733,1.7334399999999999
1675,2023-05-09 00:29:22,1.73299,1.73343
1676,2023-05-09 00:29:23,1.73297,1.7334100000000001
1677,2023-05-09 00:29:23,1.73298,1.73342
1678,2023-05-09 00:29:24,1.73299,1.73343
1679,2023-05-09 00:29:25,1.7330100000000002,1.73345
1680,2023-05-09 00:29:28,1.7330299999999998,1.73347
1681,2023-05-09 00:29:29,1.73298,1.73342
1682,2023-05-09 00:29:35,1.733,1.7334399999999999
1683,2023-05-09 00:29:35,1.73299,1.73343
1684,2023-05-09 00:29:36,1.73295,1.73339
1685,2023-05-09 00:29:37,1.7329599999999998,1.7334
1686,2023-05-09 00:29:43,1.73299,1.73343
1687,2023-05-09 00:29:43,1.73297,1.7334100000000001
1688,2023-05-09 00:29:45,1.73295,1.73339
1689,2023-05-09 00:29:45,1.7329400000000001,1.73338
1690,2023-05-09 00:29:46,1.73295,1.73339
1691,2023-05-09 00:29:48,1.73297,1.7334100000000001
1692,2023-05-09 00:29:50,1.7329599999999998,1.7334
1693,2023-05-09 00:29:51,1.73297,1.7334100000000001
1694,2023-05-09 00:29:52,1.73298,1.73342
1695,2023-05-09 00:29:53,1.73299,1.73343
1696,2023-05-09 00:29:53,1.73305,1.73349
1697,2023-05-09 00:29:54,1.7330299999999998,1.73347
1698,2023-05-09 00:29:58,1.73304,1.7334800000000001
1699,2023-05-09 00:29:59,1.7330299999999998,1.73347
1700,2023-05-09 00:30:00,1.73304,1.7334800000000001
1701,2023-05-09 00:30:00,1.73305,1.73349
1702,2023-05-09 00:30:01,1.7330299999999998,1.73347
1703,2023-05-09 00:30:03,1.73304,1.7334800000000001
1704,2023-05-09 00:30:04,1.73305,1.73349
1705,2023-05-09 00:30:04,1.73304,1.7334800000000001
1706,2023-05-09 00:30:04,1.73302,1.73346
1707,2023-05-09 00:30:05,1.733,1.7334399999999999
1708,2023-05-09 00:30:08,1.73299,1.73343
1709,2023-05-09 00:30:09,1.73298,1.73342
1710,2023-05-09 00:30:09,1.73299,1.73343
1711,2023-05-09 00:30:15,1.733,1.7334399999999999
1712,2023-05-09 00:30:15,1.7330100000000002,1.73345
1713,2023-05-09 00:30:17,1.733,1.7334399999999999
1714,2023-05-09 00:30:18,1.73298,1.73342
1715,2023-05-09 00:30:18,1.733,1.7334399999999999
1716,2023-05-09 00:30:19,1.73297,1.7334100000000001
1717,2023-05-09 00:30:20,1.7330100000000002,1.73345
1718,2023-05-09 00:30:23,1.73302,1.73346
1719,2023-05-09 00:30:24,1.7329599999999998,1.7334
1720,2023-05-09 00:30:24,1.73297,1.7334100000000001
1721,2023-05-09 00:30:26,1.73299,1.73343
1722,2023-05-09 00:30:27,1.73297,1.7334100000000001
1723,2023-05-09 00:30:28,1.7329599999999998,1.7334
1724,2023-05-09 00:30:30,1.7329400000000001,1.73338
1725,2023-05-09 00:30:30,1.73297,1.7334100000000001
1726,2023-05-09 00:30:31,1.7329599999999998,1.7334
1727,2023-05-09 00:30:31,1.73295,1.73339
1728,2023-05-09 00:30:35,1.73297,1.7334100000000001
1729,2023-05-09 00:30:40,1.73298,1.73342
1730,2023-05-09 00:30:43,1.73297,1.7334100000000001
1731,2023-05-09 00:30:46,1.7330299999999998,1.73347
1732,2023-05-09 00:30:49,1.73302,1.73346
1733,2023-05-09 00:30:50,1.733,1.7334399999999999
1734,2023-05-09 00:30:50,1.7330100000000002,1.73345
1735,2023-05-09 00:30:57,1.73302,1.73346
1736,2023-05-09 00:30:59,1.733,1.7334399999999999
1737,2023-05-09 00:31:00,1.733,1.7334399999999999
1738,2023-05-09 00:31:02,1.73302,1.73346
1739,2023-05-09 00:31:03,1.733,1.7334399999999999
1740,2023-05-09 00:31:03,1.7330299999999998,1.73347
1741,2023-05-09 00:31:04,1.73302,1.73346
1742,2023-05-09 00:31:04,1.73304,1.7334800000000001
1743,2023-05-09 00:31:05,1.7330100000000002,1.73345
1744,2023-05-09 00:31:05,1.73302,1.73346
1745,2023-05-09 00:31:09,1.73299,1.73343
1746,2023-05-09 00:31:10,1.7330100000000002,1.73345
1747,2023-05-09 00:31:13,1.73299,1.73343
1748,2023-05-09 00:31:14,1.73297,1.7334100000000001
1749,2023-05-09 00:31:14,1.73298,1.73342
1750,2023-05-09 00:31:16,1.73293,1.7333699999999999
1751,2023-05-09 00:31:16,1.73292,1.73336
1752,2023-05-09 00:31:16,1.73293,1.7333699999999999
1753,2023-05-09 00:31:18,1.7329400000000001,1.73338
1754,2023-05-09 00:31:24,1.73293,1.7333699999999999
1755,2023-05-09 00:31:24,1.7329400000000001,1.73338
1756,2023-05-09 00:31:29,1.73295,1.73339
1757,2023-05-09 00:31:31,1.73299,1.73343
1758,2023-05-09 00:31:31,1.733,1.7334399999999999
1759,2023-05-09 00:31:31,1.7330100000000002,1.73345
1760,2023-05-09 00:31:32,1.733,1.7334399999999999
1761,2023-05-09 00:31:32,1.7330100000000002,1.73345
1762,2023-05-09 00:31:34,1.733,1.7334399999999999
1763,2023-05-09 00:31:35,1.7330100000000002,1.73345
1764,2023-05-09 00:31:42,1.73299,1.73343
1765,2023-05-09 00:31:43,1.73298,1.73342
1766,2023-05-09 00:31:43,1.7329599999999998,1.7334
1767,2023-05-09 00:31:43,1.73295,1.73339
1768,2023-05-09 00:31:50,1.73292,1.73336
1769,2023-05-09 00:31:51,1.7328999999999999,1.73334
1770,2023-05-09 00:31:54,1.7328700000000001,1.73331
1771,2023-05-09 00:31:57,1.73288,1.73332
1772,2023-05-09 00:31:57,1.7328700000000001,1.73331
1773,2023-05-09 00:31:57,1.73288,1.73332
1774,2023-05-09 00:31:59,1.73289,1.73333
1775,2023-05-09 00:31:59,1.73288,1.73332
1776,2023-05-09 00:32:00,1.73288,1.73332
1777,2023-05-09 00:32:01,1.7328700000000001,1.73331
1778,2023-05-09 00:32:02,1.73288,1.73332
1779,2023-05-09 00:32:02,1.73289,1.73333
1780,2023-05-09 00:32:04,1.73292,1.73336
1781,2023-05-09 00:32:07,1.73297,1.7334100000000001
1782,2023-05-09 00:32:07,1.7329599999999998,1.7334
1783,2023-05-09 00:32:07,1.73298,1.73342
1784,2023-05-09 00:32:09,1.73299,1.73343
1785,2023-05-09 00:32:12,1.733,1.7334399999999999
1786,2023-05-09 00:32:13,1.7330100000000002,1.73345
1787,2023-05-09 00:32:19,1.733,1.7334399999999999
1788,2023-05-09 00:32:25,1.73299,1.73343
1789,2023-05-09 00:32:25,1.73304,1.7334800000000001
1790,2023-05-09 00:32:25,1.73306,1.7335
1791,2023-05-09 00:32:25,1.73305,1.73349
1792,2023-05-09 00:32:26,1.7330299999999998,1.73347
1793,2023-05-09 00:32:28,1.73304,1.7334800000000001
1794,2023-05-09 00:32:32,1.73306,1.7335
1795,2023-05-09 00:32:34,1.73308,1.73352
1796,2023-05-09 00:32:35,1.73307,1.7335099999999999
1797,2023-05-09 00:32:41,1.73309,1.73353
1798,2023-05-09 00:32:42,1.73312,1.73356
1799,2023-05-09 00:32:42,1.73311,1.7335500000000001
1800,2023-05-09 00:32:43,1.7330999999999999,1.73354
1801,2023-05-09 00:32:44,1.73316,1.7336
1802,2023-05-09 00:32:44,1.73315,1.73359
1803,2023-05-09 00:32:45,1.73312,1.73356
1804,2023-05-09 00:32:45,1.73313,1.73357
1805,2023-05-09 00:32:45,1.7331400000000001,1.73358
1806,2023-05-09 00:32:50,1.73319,1.73363
1807,2023-05-09 00:32:55,1.73315,1.73359
1808,2023-05-09 00:33:00,1.73315,1.73359
1809,2023-05-09 00:33:01,1.73325,1.73369
1810,2023-05-09 00:33:01,1.7332800000000002,1.73372
1811,2023-05-09 00:33:01,1.73327,1.7337099999999999
1812,2023-05-09 00:33:02,1.7332800000000002,1.73372
1813,2023-05-09 00:33:11,1.73327,1.7337099999999999
1814,2023-05-09 00:33:12,1.73324,1.73368
1815,2023-05-09 00:33:12,1.73323,1.73367
1816,2023-05-09 00:33:16,1.73333,1.73377
1817,2023-05-09 00:33:16,1.7334,1.73384
1818,2023-05-09 00:33:18,1.73339,1.73383
1819,2023-05-09 00:33:26,1.7333699999999999,1.73381
1820,2023-05-09 00:33:26,1.73339,1.73383
1821,2023-05-09 00:33:28,1.73338,1.7338200000000001
1822,2023-05-09 00:33:30,1.7334399999999999,1.73388
1823,2023-05-09 00:33:33,1.73346,1.7339
1824,2023-05-09 00:33:34,1.73345,1.7338900000000002
1825,2023-05-09 00:33:35,1.73347,1.7339099999999998
1826,2023-05-09 00:33:36,1.7335,1.73394
1827,2023-05-09 00:33:36,1.73342,1.73386
1828,2023-05-09 00:33:37,1.7333699999999999,1.73381
1829,2023-05-09 00:33:37,1.73334,1.7337799999999999
1830,2023-05-09 00:33:38,1.73332,1.73376
1831,2023-05-09 00:33:38,1.73342,1.73386
1832,2023-05-09 00:33:39,1.7334100000000001,1.73385
1833,2023-05-09 00:33:40,1.7334,1.73384
1834,2023-05-09 00:33:40,1.73338,1.7338200000000001
1835,2023-05-09 00:33:42,1.7333699999999999,1.73381
1836,2023-05-09 00:33:42,1.73335,1.73379
1837,2023-05-09 00:33:43,1.7333699999999999,1.73381
1838,2023-05-09 00:33:44,1.73338,1.7338200000000001
1839,2023-05-09 00:33:45,1.7334,1.73384
1840,2023-05-09 00:33:46,1.7333699999999999,1.73381
1841,2023-05-09 00:33:46,1.7334100000000001,1.73385
1842,2023-05-09 00:33:47,1.73343,1.73387
1843,2023-05-09 00:33:47,1.7335,1.73394
1844,2023-05-09 00:33:50,1.73345,1.7338900000000002
1845,2023-05-09 00:33:52,1.73339,1.73383
1846,2023-05-09 00:33:55,1.7333699999999999,1.73381
1847,2023-05-09 00:33:56,1.73334,1.7337799999999999
1848,2023-05-09 00:34:00,1.73334,1.7337799999999999
1849,2023-05-09 00:34:00,1.73335,1.73379
1850,2023-05-09 00:34:06,1.73334,1.7337799999999999
1851,2023-05-09 00:34:07,1.73332,1.73376
1852,2023-05-09 00:34:16,1.73329,1.73373
1853,2023-05-09 00:34:16,1.73319,1.73363
1854,2023-05-09 00:34:23,1.73316,1.7336
1855,2023-05-09 00:34:24,1.73318,1.7336200000000002
1856,2023-05-09 00:34:30,1.73319,1.73363
1857,2023-05-09 00:34:33,1.73318,1.7336200000000002
1858,2023-05-09 00:34:34,1.73319,1.73363
1859,2023-05-09 00:34:36,1.7331699999999999,1.73361
1860,2023-05-09 00:34:41,1.73318,1.7336200000000002
1861,2023-05-09 00:34:42,1.73315,1.73359
1862,2023-05-09 00:34:46,1.7331400000000001,1.73358
1863,2023-05-09 00:34:50,1.73315,1.73359
1864,2023-05-09 00:34:53,1.73316,1.7336
1865,2023-05-09 00:34:54,1.73315,1.73359
1866,2023-05-09 00:34:55,1.7331400000000001,1.73358
1867,2023-05-09 00:34:56,1.7331699999999999,1.73361
1868,2023-05-09 00:34:57,1.73316,1.7336
1869,2023-05-09 00:34:57,1.7331699999999999,1.73361
1870,2023-05-09 00:34:58,1.7331400000000001,1.73358
1871,2023-05-09 00:34:59,1.73315,1.73359
1872,2023-05-09 00:34:59,1.7331400000000001,1.73358
1873,2023-05-09 00:35:00,1.7331400000000001,1.73358
1874,2023-05-09 00:35:04,1.7331699999999999,1.73361
1875,2023-05-09 00:35:05,1.73322,1.73366
1876,2023-05-09 00:35:05,1.7331400000000001,1.73358
1877,2023-05-09 00:35:05,1.73311,1.7335500000000001
1878,2023-05-09 00:35:06,1.7330999999999999,1.73354
1879,2023-05-09 00:35:07,1.73309,1.73353
1880,2023-05-09 00:35:08,1.7330999999999999,1.73354
1881,2023-05-09 00:35:09,1.73309,1.73353
1882,2023-05-09 00:35:10,1.73308,1.73352
1883,2023-05-09 00:35:12,1.73309,1.73353
1884,2023-05-09 00:35:17,1.73305,1.73349
1885,2023-05-09 00:35:17,1.73304,1.7334800000000001
1886,2023-05-09 00:35:24,1.73305,1.73349
1887,2023-05-09 00:35:27,1.73302,1.73346
1888,2023-05-09 00:35:27,1.7330299999999998,1.73347
1889,2023-05-09 00:35:30,1.73304,1.7334800000000001
1890,2023-05-09 00:35:31,1.7330299999999998,1.73347
1891,2023-05-09 00:35:31,1.73304,1.7334800000000001
1892,2023-05-09 00:35:35,1.7330999999999999,1.73354
1893,2023-05-09 00:35:35,1.73306,1.7335
1894,2023-05-09 00:35:36,1.73305,1.73349
1895,2023-05-09 00:35:38,1.73304,1.7334800000000001
1896,2023-05-09 00:35:45,1.73305,1.73349
1897,2023-05-09 00:35:47,1.7330299999999998,1.73347
1898,2023-05-09 00:35:49,1.73306,1.7335
1899,2023-05-09 00:35:50,1.73307,1.7335099999999999
1900,2023-05-09 00:35:52,1.73312,1.73356
1901,2023-05-09 00:35:56,1.73313,1.73357
1902,2023-05-09 00:35:57,1.73312,1.73356
1903,2023-05-09 00:35:58,1.73319,1.73363
1904,2023-05-09 00:35:59,1.7331699999999999,1.73361
1905,2023-05-09 00:36:00,1.7331699999999999,1.73361
1906,2023-05-09 00:36:00,1.7331400000000001,1.73358
1907,2023-05-09 00:36:01,1.73316,1.7336
1908,2023-05-09 00:36:03,1.73318,1.7336200000000002
1909,2023-05-09 00:36:06,1.7331699999999999,1.73361
1910,2023-05-09 00:36:06,1.73318,1.7336200000000002
1911,2023-05-09 00:36:11,1.73315,1.73359
1912,2023-05-09 00:36:12,1.7332,1.7336399999999998
1913,2023-05-09 00:36:14,1.7332100000000001,1.73365
1914,2023-05-09 00:36:17,1.73319,1.73363
1915,2023-05-09 00:36:21,1.73322,1.73366
1916,2023-05-09 00:36:26,1.7331699999999999,1.73361
1917,2023-05-09 00:36:27,1.73316,1.7336
1918,2023-05-09 00:36:27,1.73313,1.73357
1919,2023-05-09 00:36:29,1.73311,1.7335500000000001
1920,2023-05-09 00:36:30,1.7332800000000002,1.73372
1921,2023-05-09 00:36:30,1.73329,1.73373
1922,2023-05-09 00:36:32,1.73334,1.7337799999999999
1923,2023-05-09 00:36:34,1.73329,1.73373
1924,2023-05-09 00:36:41,1.73334,1.7337799999999999
1925,2023-05-09 00:36:46,1.73325,1.73369
1926,2023-05-09 00:36:49,1.73323,1.73367
1927,2023-05-09 00:36:49,1.73322,1.73366
1928,2023-05-09 00:36:53,1.7332100000000001,1.73365
1929,2023-05-09 00:36:54,1.7332,1.7336399999999998
1930,2023-05-09 00:36:57,1.73322,1.73366
1931,2023-05-09 00:36:57,1.73327,1.7337099999999999
1932,2023-05-09 00:37:00,1.73327,1.7337099999999999
1933,2023-05-09 00:37:03,1.73325,1.73369
1934,2023-05-09 00:37:04,1.7334100000000001,1.73385
1935,2023-05-09 00:37:04,1.7334,1.73384
1936,2023-05-09 00:37:05,1.7334100000000001,1.73385
1937,2023-05-09 00:37:05,1.7333699999999999,1.73381
1938,2023-05-09 00:37:08,1.73336,1.7338
1939,2023-05-09 00:37:15,1.7333699999999999,1.73381
1940,2023-05-09 00:37:15,1.73335,1.73379
1941,2023-05-09 00:37:17,1.73336,1.7338
1942,2023-05-09 00:37:20,1.73335,1.73379
1943,2023-05-09 00:37:21,1.7334,1.73384
1944,2023-05-09 00:37:23,1.73334,1.7337799999999999
1945,2023-05-09 00:37:23,1.7334,1.73384
1946,2023-05-09 00:37:26,1.7334100000000001,1.73385
1947,2023-05-09 00:37:27,1.73338,1.7338200000000001
1948,2023-05-09 00:37:28,1.7333699999999999,1.73381
1949,2023-05-09 00:37:28,1.73353,1.73397
1950,2023-05-09 00:37:30,1.7335,1.73394
1951,2023-05-09 00:37:31,1.73349,1.73393
1952,2023-05-09 00:37:32,1.7335,1.73394
1953,2023-05-09 00:37:32,1.7334800000000001,1.73392
1954,2023-05-09 00:37:33,1.73347,1.7339099999999998
1955,2023-05-09 00:37:33,1.73343,1.73387
1956,2023-05-09 00:37:33,1.73339,1.73383
1957,2023-05-09 00:37:35,1.7334,1.73384
1958,2023-05-09 00:37:38,1.73339,1.73383
1959,2023-05-09 00:37:46,1.73342,1.73386
1960,2023-05-09 00:37:46,1.73343,1.73387
1961,2023-05-09 00:37:47,1.73353,1.73397
1962,2023-05-09 00:37:48,1.73354,1.7339799999999999
1963,2023-05-09 00:37:48,1.73359,1.73403
1964,2023-05-09 00:37:49,1.73358,1.7340200000000001
1965,2023-05-09 00:37:49,1.73352,1.73396
1966,2023-05-09 00:37:52,1.7335,1.73394
1967,2023-05-09 00:37:53,1.73346,1.7339
1968,2023-05-09 00:37:56,1.73336,1.7338
1969,2023-05-09 00:37:59,1.73338,1.7338200000000001
1970,2023-05-09 00:37:59,1.73326,1.7337
1971,2023-05-09 00:38:00,1.73326,1.7337
1972,2023-05-09 00:38:01,1.7332999999999998,1.73374
1973,2023-05-09 00:38:01,1.73324,1.73368
1974,2023-05-09 00:38:02,1.73329,1.73373
1975,2023-05-09 00:38:02,1.7332800000000002,1.73372
1976,2023-05-09 00:38:03,1.73329,1.73373
1977,2023-05-09 00:38:05,1.7332999999999998,1.73374
1978,2023-05-09 00:38:14,1.73325,1.73369
1979,2023-05-09 00:38:16,1.73326,1.7337
1980,2023-05-09 00:38:19,1.7332800000000002,1.73372
1981,2023-05-09 00:38:21,1.73326,1.7337
1982,2023-05-09 00:38:26,1.7332800000000002,1.73372
1983,2023-05-09 00:38:28,1.73324,1.73368
1984,2023-05-09 00:38:29,1.73323,1.73367
1985,2023-05-09 00:38:29,1.73318,1.7336200000000002
1986,2023-05-09 00:38:36,1.73329,1.73373
1987,2023-05-09 00:38:38,1.7332999999999998,1.73374
1988,2023-05-09 00:38:39,1.7333699999999999,1.73381
1989,2023-05-09 00:38:41,1.7332999999999998,1.73374
1990,2023-05-09 00:38:41,1.73323,1.73367
1991,2023-05-09 00:38:41,1.73322,1.73366
1992,2023-05-09 00:38:42,1.73319,1.73363
1993,2023-05-09 00:38:47,1.73316,1.7336
1994,2023-05-09 00:38:50,1.7331400000000001,1.73358
1995,2023-05-09 00:38:51,1.73315,1.73359
1996,2023-05-09 00:38:52,1.73318,1.7336200000000002
1997,2023-05-09 00:38:52,1.7332100000000001,1.73365
1998,2023-05-09 00:38:54,1.73312,1.73356
1999,2023-05-09 00:38:54,1.73316,1.7336
2000,2023-05-09 00:38:55,1.7332100000000001,1.73365
2001,2023-05-09 00:38:57,1.73323,1.73367
2002,2023-05-09 00:38:59,1.73312,1.73356
2003,2023-05-09 00:39:00,1.73312,1.73356
2004,2023-05-09 00:39:01,1.7330999999999999,1.73354
2005,2023-05-09 00:39:04,1.73315,1.73359
2006,2023-05-09 00:39:07,1.73313,1.73357
2007,2023-05-09 00:39:07,1.73319,1.73363
2008,2023-05-09 00:39:07,1.73331,1.7337500000000001
2009,2023-05-09 00:39:07,1.73338,1.7338200000000001
2010,2023-05-09 00:39:11,1.73332,1.73376
2011,2023-05-09 00:39:11,1.7332999999999998,1.73374
2012,2023-05-09 00:39:11,1.73333,1.73377
2013,2023-05-09 00:39:13,1.7332800000000002,1.73372
2014,2023-05-09 00:39:14,1.73327,1.7337099999999999
2015,2023-05-09 00:39:15,1.7331400000000001,1.73358
2016,2023-05-09 00:39:15,1.73324,1.73368
2017,2023-05-09 00:39:16,1.7332,1.7336399999999998
2018,2023-05-09 00:39:16,1.73319,1.73363
2019,2023-05-09 00:39:17,1.73326,1.7337
2020,2023-05-09 00:39:18,1.7332100000000001,1.73365
2021,2023-05-09 00:39:20,1.73327,1.7337099999999999
2022,2023-05-09 00:39:23,1.7332100000000001,1.73365
2023,2023-05-09 00:39:24,1.7332,1.7336399999999998
2024,2023-05-09 00:39:25,1.73315,1.73359
2025,2023-05-09 00:39:26,1.73311,1.7335500000000001
2026,2023-05-09 00:39:27,1.7330999999999999,1.73354
2027,2023-05-09 00:39:33,1.73312,1.73356
2028,2023-05-09 00:39:34,1.73304,1.7334800000000001
2029,2023-05-09 00:39:36,1.73306,1.7335
2030,2023-05-09 00:39:39,1.73312,1.73356
2031,2023-05-09 00:39:40,1.73307,1.7335099999999999
2032,2023-05-09 00:39:40,1.7332,1.7336399999999998
2033,2023-05-09 00:39:42,1.73315,1.73359
2034,2023-05-09 00:39:42,1.73319,1.73363
2035,2023-05-09 00:39:44,1.7332,1.7336399999999998
2036,2023-05-09 00:39:44,1.73322,1.73366
2037,2023-05-09 00:39:47,1.7332,1.7336399999999998
2038,2023-05-09 00:39:49,1.73322,1.73366
2039,2023-05-09 00:39:50,1.73323,1.73367
2040,2023-05-09 00:39:52,1.7332,1.7336399999999998
2041,2023-05-09 00:39:52,1.73318,1.7336200000000002
2042,2023-05-09 00:39:53,1.7331699999999999,1.73361
2043,2023-05-09 00:39:54,1.73318,1.7336200000000002
2044,2023-05-09 00:39:55,1.7330999999999999,1.73354
2045,2023-05-09 00:39:55,1.73307,1.7335099999999999
2046,2023-05-09 00:39:55,1.73312,1.73356
2047,2023-05-09 00:39:57,1.73319,1.73363
2048,2023-05-09 00:40:00,1.73319,1.73363
2049,2023-05-09 00:40:00,1.73318,1.7336200000000002
2050,2023-05-09 00:40:01,1.73319,1.73363
2051,2023-05-09 00:40:02,1.73315,1.73359
2052,2023-05-09 00:40:03,1.7332,1.7336399999999998
2053,2023-05-09 00:40:03,1.7332100000000001,1.73365
2054,2023-05-09 00:40:04,1.73326,1.7337
2055,2023-05-09 00:40:06,1.73324,1.73368
2056,2023-05-09 00:40:07,1.73323,1.73367
2057,2023-05-09 00:40:10,1.73327,1.7337099999999999
2058,2023-05-09 00:40:10,1.73334,1.7337799999999999
2059,2023-05-09 00:40:10,1.73336,1.7338
2060,2023-05-09 00:40:11,1.73324,1.73368
2061,2023-05-09 00:40:11,1.7332800000000002,1.73372
2062,2023-05-09 00:40:15,1.73325,1.73369
2063,2023-05-09 00:40:16,1.7332999999999998,1.73374
2064,2023-05-09 00:40:16,1.73334,1.7337799999999999
2065,2023-05-09 00:40:19,1.73335,1.73379
2066,2023-05-09 00:40:21,1.73334,1.7337799999999999
2067,2023-05-09 00:40:22,1.73335,1.73379
2068,2023-05-09 00:40:22,1.73334,1.7337799999999999
2069,2023-05-09 00:40:23,1.73336,1.7338
2070,2023-05-09 00:40:25,1.73333,1.73377
2071,2023-05-09 00:40:28,1.73332,1.73376
2072,2023-05-09 00:40:30,1.73336,1.7338
2073,2023-05-09 00:40:31,1.73332,1.73376
2074,2023-05-09 00:40:31,1.73333,1.73377
2075,2023-05-09 00:40:32,1.7333699999999999,1.73381
2076,2023-05-09 00:40:33,1.7334100000000001,1.73385
2077,2023-05-09 00:40:34,1.73342,1.73386
2078,2023-05-09 00:40:35,1.7334100000000001,1.73385
2079,2023-05-09 00:40:35,1.7334,1.73384
2080,2023-05-09 00:40:36,1.73338,1.7338200000000001
2081,2023-05-09 00:40:38,1.7333699999999999,1.73381
2082,2023-05-09 00:40:38,1.7334100000000001,1.73385
2083,2023-05-09 00:40:39,1.73335,1.73379
2084,2023-05-09 00:40:41,1.7334,1.73384
2085,2023-05-09 00:40:41,1.73335,1.73379
2086,2023-05-09 00:40:42,1.7334,1.73384
2087,2023-05-09 00:40:45,1.73338,1.7338200000000001
2088,2023-05-09 00:40:47,1.7334100000000001,1.73385
2089,2023-05-09 00:40:49,1.73345,1.7338900000000002
2090,2023-05-09 00:40:50,1.73342,1.73386
2091,2023-05-09 00:40:51,1.73336,1.7338
2092,2023-05-09 00:40:51,1.73345,1.7338900000000002
2093,2023-05-09 00:40:52,1.7334100000000001,1.73385
2094,2023-05-09 00:40:53,1.7333699999999999,1.73381
2095,2023-05-09 00:40:55,1.7334100000000001,1.73385
2096,2023-05-09 00:40:57,1.7334,1.73384
2097,2023-05-09 00:41:00,1.73342,1.73386
2098,2023-05-09 00:41:01,1.7333699999999999,1.73381
2099,2023-05-09 00:41:04,1.73338,1.7338200000000001
2100,2023-05-09 00:41:08,1.7334399999999999,1.73388
2101,2023-05-09 00:41:11,1.7334100000000001,1.73385
2102,2023-05-09 00:41:13,1.73339,1.73383
2103,2023-05-09 00:41:15,1.7334100000000001,1.73385
2104,2023-05-09 00:41:17,1.73343,1.73387
2105,2023-05-09 00:41:17,1.73342,1.73386
2106,2023-05-09 00:41:19,1.73338,1.7338200000000001
2107,2023-05-09 00:41:19,1.7334,1.73384
2108,2023-05-09 00:41:20,1.73339,1.73383
2109,2023-05-09 00:41:20,1.7334,1.73384
2110,2023-05-09 00:41:20,1.73336,1.7338
2111,2023-05-09 00:41:23,1.73334,1.7337799999999999
2112,2023-05-09 00:41:26,1.73335,1.73379
2113,2023-05-09 00:41:29,1.73334,1.7337799999999999
2114,2023-05-09 00:41:30,1.73335,1.73379
2115,2023-05-09 00:41:31,1.7332800000000002,1.73372
2116,2023-05-09 00:41:31,1.73332,1.73376
2117,2023-05-09 00:41:32,1.73333,1.73377
2118,2023-05-09 00:41:33,1.73335,1.73379
2119,2023-05-09 00:41:34,1.7332999999999998,1.73374
2120,2023-05-09 00:41:35,1.73329,1.73373
2121,2023-05-09 00:41:36,1.7333699999999999,1.73381
2122,2023-05-09 00:41:37,1.73338,1.7338200000000001
2123,2023-05-09 00:41:37,1.7334399999999999,1.73388
2124,2023-05-09 00:41:39,1.73345,1.7338900000000002
2125,2023-05-09 00:41:41,1.73342,1.73386
2126,2023-05-09 00:41:46,1.7334399999999999,1.73388
2127,2023-05-09 00:41:47,1.73339,1.73383
2128,2023-05-09 00:41:48,1.73338,1.7338200000000001
2129,2023-05-09 00:41:48,1.7333699999999999,1.73381
2130,2023-05-09 00:41:49,1.7334100000000001,1.73385
2131,2023-05-09 00:41:52,1.7334,1.73384
2132,2023-05-09 00:41:54,1.73339,1.73383
2133,2023-05-09 00:41:54,1.73342,1.73386
2134,2023-05-09 00:41:59,1.73343,1.73387
2135,2023-05-09 00:42:00,1.73343,1.73387
2136,2023-05-09 00:42:01,1.73339,1.73383
2137,2023-05-09 00:42:04,1.73343,1.73387
2138,2023-05-09 00:42:04,1.7333699999999999,1.73381
2139,2023-05-09 00:42:05,1.7334100000000001,1.73385
2140,2023-05-09 00:42:05,1.73342,1.73386
2141,2023-05-09 00:42:08,1.73335,1.73379
2142,2023-05-09 00:42:11,1.7333699999999999,1.73381
2143,2023-05-09 00:42:11,1.73331,1.7337500000000001
2144,2023-05-09 00:42:12,1.73336,1.7338
2145,2023-05-09 00:42:12,1.73331,1.7337500000000001
2146,2023-05-09 00:42:13,1.73336,1.7338
2147,2023-05-09 00:42:14,1.73331,1.7337500000000001
2148,2023-05-09 00:42:16,1.73336,1.7338
2149,2023-05-09 00:42:18,1.7333699999999999,1.73381
2150,2023-05-09 00:42:19,1.73342,1.73386
2151,2023-05-09 00:42:19,1.73338,1.7338200000000001
2152,2023-05-09 00:42:22,1.7334,1.73384
2153,2023-05-09 00:42:22,1.7334399999999999,1.73388
2154,2023-05-09 00:42:27,1.73338,1.7338200000000001
2155,2023-05-09 00:42:28,1.73333,1.73377
2156,2023-05-09 00:42:30,1.73334,1.7337799999999999
2157,2023-05-09 00:42:32,1.73333,1.73377
2158,2023-05-09 00:42:39,1.7333699999999999,1.73381
2159,2023-05-09 00:42:41,1.73336,1.7338
2160,2023-05-09 00:42:43,1.73335,1.73379
2161,2023-05-09 00:42:48,1.73334,1.7337799999999999
2162,2023-05-09 00:42:50,1.73335,1.73379
2163,2023-05-09 00:42:56,1.7334,1.73384
2164,2023-05-09 00:42:58,1.73339,1.73383
2165,2023-05-09 00:43:00,1.73339,1.73383
2166,2023-05-09 00:43:02,1.73338,1.7338200000000001
2167,2023-05-09 00:43:04,1.73339,1.73383
2168,2023-05-09 00:43:08,1.7334,1.73384
2169,2023-05-09 00:43:09,1.73336,1.7338
2170,2023-05-09 00:43:10,1.73335,1.73379
2171,2023-05-09 00:43:10,1.7334,1.73384
2172,2023-05-09 00:43:14,1.73339,1.73383
2173,2023-05-09 00:43:16,1.7334100000000001,1.73385
2174,2023-05-09 00:43:21,1.73343,1.73387
2175,2023-05-09 00:43:22,1.73336,1.7338
2176,2023-05-09 00:43:22,1.73335,1.73379
2177,2023-05-09 00:43:22,1.73336,1.7338
2178,2023-05-09 00:43:28,1.73334,1.7337799999999999
2179,2023-05-09 00:43:28,1.73339,1.73383
2180,2023-05-09 00:43:29,1.7333699999999999,1.73381
2181,2023-05-09 00:43:33,1.73331,1.7337500000000001
2182,2023-05-09 00:43:34,1.73335,1.73379
2183,2023-05-09 00:43:34,1.73329,1.73373
2184,2023-05-09 00:43:35,1.73333,1.73377
2185,2023-05-09 00:43:40,1.7333699999999999,1.73381
2186,2023-05-09 00:43:55,1.73335,1.73379
2187,2023-05-09 00:43:57,1.73338,1.7338200000000001
2188,2023-05-09 00:43:58,1.73336,1.7338
2189,2023-05-09 00:43:58,1.73333,1.73377
2190,2023-05-09 00:43:58,1.73338,1.7338200000000001
2191,2023-05-09 00:44:00,1.73338,1.7338200000000001
2192,2023-05-09 00:44:05,1.73334,1.7337799999999999
2193,2023-05-09 00:44:09,1.7332999999999998,1.73374
2194,2023-05-09 00:44:09,1.73324,1.73368
2195,2023-05-09 00:44:10,1.7333699999999999,1.73381
2196,2023-05-09 00:44:12,1.73334,1.7337799999999999
2197,2023-05-09 00:44:15,1.73333,1.73377
2198,2023-05-09 00:44:15,1.73334,1.7337799999999999
2199,2023-05-09 00:44:17,1.7332999999999998,1.73374
2200,2023-05-09 00:44:18,1.73329,1.73373
