,time,bid,ask
0,2023-05-09 00:00:00,11.5476,11.5576
1,2023-05-09 00:00:01,11.5478,11.5578
2,2023-05-09 00:00:06,11.5479,11.5579
3,2023-05-09 00:00:07,11.548,11.558
4,2023-05-09 00:00:08,11.5481,11.5581
5,2023-05-09 00:00:09,11.5482,11.5582
6,2023-05-09 00:00:12,11.5483,11.5583
7,2023-05-09 00:00:16,11.5484,11.5584
8,2023-05-09 00:00:16,11.5483,11.5583
9,2023-05-09 00:00:16,11.5485,11.5585
10,2023-05-09 00:00:18,11.5486,11.5586
11,2023-05-09 00:00:26,11.5485,11.5585
12,2023-05-09 00:00:27,11.5486,11.5586
13,2023-05-09 00:00:28,11.5485,11.5585
14,2023-05-09 00:00:28,11.5486,11.5586
15,2023-05-09 00:00:31,11.5485,11.5585
16,2023-05-09 00:00:32,11.5486,11.5586
17,2023-05-09 00:00:33,11.5485,11.5585
18,2023-05-09 00:00:34,11.5486,11.5586
19,2023-05-09 00:00:35,11.5485,11.5585
20,2023-05-09 00:00:35,11.5486,11.5586
21,2023-05-09 00:00:42,11.5484,11.5584
22,2023-05-09 00:00:42,11.5485,11.5585
23,2023-05-09 00:00:44,11.5484,11.5584
24,2023-05-09 00:00:56,11.5485,11.5585
25,2023-05-09 00:00:56,11.5484,11.5584
26,2023-05-09 00:01:00,11.5484,11.5584
27,2023-05-09 00:01:04,11.5485,11.5585
28,2023-05-09 00:01:05,11.5488,11.5588
29,2023-05-09 00:01:23,11.5489,11.5589
30,2023-05-09 00:01:47,11.5488,11.5588
31,2023-05-09 00:01:47,11.5489,11.5589
32,2023-05-09 00:01:47,11.5488,11.5588
33,2023-05-09 00:01:47,11.5491,11.5591
34,2023-05-09 00:01:48,11.5492,11.5592
35,2023-05-09 00:01:48,11.5493,11.5593
36,2023-05-09 00:01:49,11.5495,11.5595
37,2023-05-09 00:01:49,11.5493,11.5593
38,2023-05-09 00:01:53,11.5492,11.5592
39,2023-05-09 00:01:54,11.5493,11.5593
40,2023-05-09 00:01:54,11.5492,11.5592
41,2023-05-09 00:02:00,11.5492,11.5592
42,2023-05-09 00:02:32,11.5493,11.5593
43,2023-05-09 00:02:45,11.5492,11.5592
44,2023-05-09 00:02:50,11.5491,11.5591
45,2023-05-09 00:02:54,11.549,11.559
46,2023-05-09 00:02:55,11.5491,11.5591
47,2023-05-09 00:03:00,11.5491,11.5591
48,2023-05-09 00:03:09,11.5495,11.5595
49,2023-05-09 00:03:09,11.5494,11.5594
50,2023-05-09 00:03:26,11.5493,11.5593
51,2023-05-09 00:03:30,11.5494,11.5594
52,2023-05-09 00:03:30,11.5493,11.5593
53,2023-05-09 00:03:31,11.5494,11.5594
54,2023-05-09 00:03:33,11.5495,11.5595
55,2023-05-09 00:03:34,11.5493,11.5593
56,2023-05-09 00:03:47,11.5492,11.5592
57,2023-05-09 00:03:48,11.5493,11.5593
58,2023-05-09 00:03:50,11.5494,11.5594
59,2023-05-09 00:03:50,11.5497,11.5597
60,2023-05-09 00:03:51,11.5493,11.5593
61,2023-05-09 00:03:52,11.5495,11.5595
62,2023-05-09 00:03:53,11.5494,11.5594
63,2023-05-09 00:03:55,11.5495,11.5595
64,2023-05-09 00:03:58,11.5493,11.5593
65,2023-05-09 00:04:00,11.5493,11.5593
66,2023-05-09 00:04:00,11.5494,11.5594
67,2023-05-09 00:04:04,11.5493,11.5593
68,2023-05-09 00:04:07,11.5492,11.5592
69,2023-05-09 00:04:08,11.5493,11.5593
70,2023-05-09 00:04:16,11.5491,11.5591
71,2023-05-09 00:04:16,11.5493,11.5593
72,2023-05-09 00:04:31,11.5494,11.5594
73,2023-05-09 00:04:41,11.5493,11.5593
74,2023-05-09 00:04:48,11.5494,11.5594
75,2023-05-09 00:04:51,11.5493,11.5593
76,2023-05-09 00:04:54,11.5496,11.5596
77,2023-05-09 00:05:00,11.5496,11.5596
78,2023-05-09 00:05:10,11.5505,11.5605
79,2023-05-09 00:05:10,11.5504,11.5604
80,2023-05-09 00:05:12,11.5505,11.5605
81,2023-05-09 00:05:13,11.5504,11.5604
82,2023-05-09 00:05:14,11.5505,11.5605
83,2023-05-09 00:05:15,11.5504,11.5604
84,2023-05-09 00:05:18,11.5503,11.5603
85,2023-05-09 00:05:18,11.5504,11.5604
86,2023-05-09 00:05:20,11.5503,11.5603
87,2023-05-09 00:05:30,11.5502,11.5602
88,2023-05-09 00:05:38,11.5501,11.5601
89,2023-05-09 00:05:38,11.5502,11.5602
90,2023-05-09 00:05:39,11.5503,11.5603
91,2023-05-09 00:05:40,11.55,11.56
92,2023-05-09 00:06:00,11.55,11.56
93,2023-05-09 00:06:40,11.5498,11.5598
94,2023-05-09 00:06:40,11.55,11.56
95,2023-05-09 00:06:40,11.5498,11.5598
96,2023-05-09 00:06:42,11.549900000000001,11.5599
97,2023-05-09 00:06:55,11.55,11.56
98,2023-05-09 00:06:57,11.549900000000001,11.5599
99,2023-05-09 00:07:00,11.549900000000001,11.5599
100,2023-05-09 00:07:20,11.5498,11.5598
101,2023-05-09 00:07:24,11.5497,11.5597
102,2023-05-09 00:07:41,11.5496,11.5596
103,2023-05-09 00:07:47,11.5494,11.5594
104,2023-05-09 00:08:01,11.5498,11.5598
105,2023-05-09 00:08:03,11.5497,11.5597
106,2023-05-09 00:08:04,11.5498,11.5598
107,2023-05-09 00:08:13,11.5494,11.5594
108,2023-05-09 00:08:13,11.5495,11.5595
109,2023-05-09 00:08:15,11.5498,11.5598
110,2023-05-09 00:08:54,11.5495,11.5595
111,2023-05-09 00:09:00,11.5495,11.5595
112,2023-05-09 00:09:15,11.5497,11.5597
113,2023-05-09 00:09:22,11.5496,11.5596
114,2023-05-09 00:10:00,11.5496,11.5596
115,2023-05-09 00:10:22,11.5496,11.5596
116,2023-05-09 00:10:47,11.5497,11.5597
117,2023-05-09 00:10:48,11.5496,11.5596
118,2023-05-09 00:10:48,11.5497,11.5597
119,2023-05-09 00:10:49,11.5496,11.5596
120,2023-05-09 00:10:49,11.5497,11.5597
121,2023-05-09 00:10:49,11.5496,11.5596
122,2023-05-09 00:10:50,11.5497,11.5597
123,2023-05-09 00:10:55,11.5496,11.5596
124,2023-05-09 00:10:55,11.5497,11.5597
125,2023-05-09 00:10:58,11.5496,11.5596
126,2023-05-09 00:10:59,11.5497,11.5597
127,2023-05-09 00:11:01,11.5496,11.5596
128,2023-05-09 00:11:01,11.5498,11.5598
129,2023-05-09 00:11:04,11.5496,11.5596
130,2023-05-09 00:11:05,11.5498,11.5598
131,2023-05-09 00:11:05,11.5496,11.5596
132,2023-05-09 00:11:22,11.5498,11.5598
133,2023-05-09 00:11:22,11.5497,11.5597
134,2023-05-09 00:11:39,11.5496,11.5596
135,2023-05-09 00:11:58,11.5497,11.5597
136,2023-05-09 00:11:59,11.5494,11.5594
137,2023-05-09 00:11:59,11.5496,11.5596
138,2023-05-09 00:12:00,11.5496,11.5596
139,2023-05-09 00:12:00,11.5497,11.5597
140,2023-05-09 00:12:01,11.5496,11.5596
141,2023-05-09 00:12:32,11.5497,11.5597
142,2023-05-09 00:12:44,11.5496,11.5596
143,2023-05-09 00:13:00,11.5496,11.5596
144,2023-05-09 00:13:08,11.5497,11.5597
145,2023-05-09 00:13:09,11.5496,11.5596
146,2023-05-09 00:13:09,11.5497,11.5597
147,2023-05-09 00:13:14,11.5496,11.5596
148,2023-05-09 00:13:14,11.5497,11.5597
149,2023-05-09 00:13:16,11.5496,11.5596
150,2023-05-09 00:13:17,11.5497,11.5597
151,2023-05-09 00:13:17,11.5496,11.5596
152,2023-05-09 00:13:18,11.5497,11.5597
153,2023-05-09 00:13:18,11.5496,11.5596
154,2023-05-09 00:13:19,11.5497,11.5597
155,2023-05-09 00:13:23,11.5496,11.5596
156,2023-05-09 00:13:24,11.5497,11.5597
157,2023-05-09 00:13:31,11.5496,11.5596
158,2023-05-09 00:13:32,11.5497,11.5597
159,2023-05-09 00:13:34,11.5496,11.5596
160,2023-05-09 00:13:35,11.5498,11.5598
161,2023-05-09 00:13:44,11.5496,11.5596
162,2023-05-09 00:13:44,11.5497,11.5597
163,2023-05-09 00:13:44,11.5496,11.5596
164,2023-05-09 00:13:45,11.5497,11.5597
165,2023-05-09 00:13:48,11.5494,11.5594
166,2023-05-09 00:13:49,11.5495,11.5595
167,2023-05-09 00:13:51,11.5496,11.5596
168,2023-05-09 00:13:52,11.5497,11.5597
169,2023-05-09 00:13:53,11.5496,11.5596
170,2023-05-09 00:14:01,11.5496,11.5596
171,2023-05-09 00:14:02,11.5495,11.5595
172,2023-05-09 00:14:02,11.5496,11.5596
173,2023-05-09 00:14:10,11.5495,11.5595
174,2023-05-09 00:14:11,11.5497,11.5597
175,2023-05-09 00:14:21,11.5496,11.5596
176,2023-05-09 00:14:25,11.5495,11.5595
177,2023-05-09 00:14:25,11.5497,11.5597
178,2023-05-09 00:14:29,11.5496,11.5596
179,2023-05-09 00:14:29,11.5498,11.5598
180,2023-05-09 00:14:29,11.5497,11.5597
181,2023-05-09 00:14:41,11.549900000000001,11.5599
182,2023-05-09 00:15:00,11.549900000000001,11.5599
183,2023-05-09 00:15:41,11.549900000000001,11.5599
184,2023-05-09 00:15:49,11.5502,11.5602
185,2023-05-09 00:16:00,11.5502,11.5602
186,2023-05-09 00:16:37,11.5501,11.5601
187,2023-05-09 00:16:58,11.5502,11.5602
188,2023-05-09 00:17:00,11.55,11.56
189,2023-05-09 00:17:02,11.5497,11.5597
190,2023-05-09 00:17:03,11.5498,11.5598
191,2023-05-09 00:17:03,11.5496,11.5596
192,2023-05-09 00:17:04,11.5497,11.5597
193,2023-05-09 00:17:04,11.5486,11.5586
194,2023-05-09 00:17:17,11.5485,11.5585
195,2023-05-09 00:17:20,11.5486,11.5586
196,2023-05-09 00:17:20,11.5488,11.5588
197,2023-05-09 00:17:26,11.5489,11.5589
198,2023-05-09 00:17:27,11.549,11.559
199,2023-05-09 00:17:28,11.5489,11.5589
200,2023-05-09 00:17:54,11.549,11.559
201,2023-05-09 00:18:02,11.549,11.559
202,2023-05-09 00:18:04,11.5487,11.5587
203,2023-05-09 00:18:04,11.5489,11.5589
204,2023-05-09 00:18:08,11.5491,11.5591
205,2023-05-09 00:18:08,11.5492,11.5592
206,2023-05-09 00:18:15,11.549,11.559
207,2023-05-09 00:18:29,11.5489,11.5589
208,2023-05-09 00:18:32,11.549,11.559
209,2023-05-09 00:18:38,11.5489,11.5589
210,2023-05-09 00:18:38,11.5488,11.5588
211,2023-05-09 00:18:48,11.5489,11.5589
212,2023-05-09 00:18:57,11.5488,11.5588
213,2023-05-09 00:19:01,11.5488,11.5588
214,2023-05-09 00:19:17,11.549,11.559
215,2023-05-09 00:19:18,11.5488,11.5588
216,2023-05-09 00:19:30,11.5489,11.5589
217,2023-05-09 00:19:30,11.5488,11.5588
218,2023-05-09 00:19:40,11.5489,11.5589
219,2023-05-09 00:19:56,11.549,11.559
220,2023-05-09 00:20:00,11.549,11.559
221,2023-05-09 00:20:05,11.5493,11.5593
222,2023-05-09 00:20:06,11.5492,11.5592
223,2023-05-09 00:20:15,11.5488,11.5588
224,2023-05-09 00:20:15,11.5489,11.5589
225,2023-05-09 00:20:24,11.5492,11.5592
226,2023-05-09 00:20:25,11.549,11.559
227,2023-05-09 00:20:26,11.5489,11.5589
228,2023-05-09 00:20:28,11.5488,11.5588
229,2023-05-09 00:20:33,11.5491,11.5591
230,2023-05-09 00:20:52,11.5488,11.5588
231,2023-05-09 00:20:55,11.5489,11.5589
232,2023-05-09 00:21:00,11.5488,11.5588
233,2023-05-09 00:21:05,11.5489,11.5589
234,2023-05-09 00:21:07,11.549,11.559
235,2023-05-09 00:21:07,11.5489,11.5589
236,2023-05-09 00:21:14,11.5492,11.5592
237,2023-05-09 00:21:16,11.549,11.559
238,2023-05-09 00:21:16,11.5489,11.5589
239,2023-05-09 00:22:00,11.5489,11.5589
240,2023-05-09 00:22:02,11.5492,11.5592
241,2023-05-09 00:22:02,11.5491,11.5591
242,2023-05-09 00:22:03,11.5493,11.5593
243,2023-05-09 00:22:04,11.5495,11.5595
244,2023-05-09 00:22:05,11.5492,11.5592
245,2023-05-09 00:22:10,11.5494,11.5594
246,2023-05-09 00:22:10,11.5492,11.5592
247,2023-05-09 00:22:37,11.5491,11.5591
248,2023-05-09 00:22:50,11.5492,11.5592
249,2023-05-09 00:22:51,11.5491,11.5591
250,2023-05-09 00:23:00,11.5491,11.5591
251,2023-05-09 00:23:13,11.5492,11.5592
252,2023-05-09 00:23:13,11.5491,11.5591
253,2023-05-09 00:23:18,11.5493,11.5593
254,2023-05-09 00:23:19,11.5495,11.5595
255,2023-05-09 00:23:22,11.5491,11.5591
256,2023-05-09 00:23:30,11.5493,11.5593
257,2023-05-09 00:23:37,11.5495,11.5595
258,2023-05-09 00:24:00,11.5495,11.5595
259,2023-05-09 00:24:07,11.5496,11.5596
260,2023-05-09 00:24:07,11.5495,11.5595
261,2023-05-09 00:24:11,11.5494,11.5594
262,2023-05-09 00:24:20,11.5496,11.5596
263,2023-05-09 00:24:20,11.5494,11.5594
264,2023-05-09 00:24:23,11.5493,11.5593
265,2023-05-09 00:24:24,11.549,11.559
266,2023-05-09 00:24:25,11.5493,11.5593
267,2023-05-09 00:24:28,11.549,11.559
268,2023-05-09 00:24:32,11.5488,11.5588
269,2023-05-09 00:24:32,11.5489,11.5589
270,2023-05-09 00:24:41,11.5487,11.5587
271,2023-05-09 00:25:00,11.5487,11.5587
272,2023-05-09 00:25:01,11.5486,11.5586
273,2023-05-09 00:25:07,11.5487,11.5587
274,2023-05-09 00:25:14,11.5486,11.5586
275,2023-05-09 00:25:19,11.5498,11.5598
276,2023-05-09 00:25:20,11.55,11.56
277,2023-05-09 00:25:20,11.5502,11.5602
278,2023-05-09 00:25:20,11.550699999999999,11.5607
279,2023-05-09 00:25:21,11.551,11.561
280,2023-05-09 00:25:21,11.5511,11.5611
281,2023-05-09 00:25:21,11.5506,11.5606
282,2023-05-09 00:25:23,11.551,11.561
283,2023-05-09 00:25:25,11.5506,11.5606
284,2023-05-09 00:25:27,11.5504,11.5604
285,2023-05-09 00:25:28,11.5509,11.5609
286,2023-05-09 00:25:28,11.551,11.561
287,2023-05-09 00:25:29,11.5508,11.5608
288,2023-05-09 00:25:30,11.551,11.561
289,2023-05-09 00:25:32,11.5515,11.5615
290,2023-05-09 00:25:32,11.5517,11.5617
291,2023-05-09 00:25:33,11.5518,11.5618
292,2023-05-09 00:25:33,11.5519,11.5619
293,2023-05-09 00:25:34,11.5516,11.5616
294,2023-05-09 00:25:36,11.5519,11.5619
295,2023-05-09 00:25:38,11.552,11.562
296,2023-05-09 00:25:38,11.5516,11.5616
297,2023-05-09 00:25:48,11.5515,11.5615
298,2023-05-09 00:25:49,11.5513,11.5613
299,2023-05-09 00:26:00,11.5513,11.5613
300,2023-05-09 00:26:00,11.5514,11.5614
301,2023-05-09 00:26:31,11.5513,11.5613
302,2023-05-09 00:26:40,11.5515,11.5615
303,2023-05-09 00:26:56,11.5514,11.5614
304,2023-05-09 00:27:00,11.5514,11.5614
305,2023-05-09 00:27:11,11.5516,11.5616
306,2023-05-09 00:27:11,11.5514,11.5614
307,2023-05-09 00:27:21,11.5516,11.5616
308,2023-05-09 00:27:29,11.5513,11.5613
309,2023-05-09 00:27:42,11.5512,11.5612
310,2023-05-09 00:28:00,11.5512,11.5612
311,2023-05-09 00:28:03,11.5511,11.5611
312,2023-05-09 00:29:00,11.5511,11.5611
313,2023-05-09 00:29:04,11.5511,11.5611
314,2023-05-09 00:29:10,11.551,11.561
315,2023-05-09 00:29:18,11.5511,11.5611
316,2023-05-09 00:29:21,11.5509,11.5609
317,2023-05-09 00:29:22,11.5506,11.5606
318,2023-05-09 00:29:22,11.5503,11.5603
319,2023-05-09 00:29:39,11.5502,11.5602
320,2023-05-09 00:30:00,11.5502,11.5602
321,2023-05-09 00:30:40,11.5502,11.5602
322,2023-05-09 00:31:02,11.5502,11.5602
323,2023-05-09 00:31:33,11.5501,11.5601
324,2023-05-09 00:31:34,11.5502,11.5602
325,2023-05-09 00:31:42,11.5501,11.5601
326,2023-05-09 00:32:01,11.5501,11.5601
327,2023-05-09 00:32:42,11.5502,11.5602
328,2023-05-09 00:32:50,11.5501,11.5601
329,2023-05-09 00:33:01,11.5501,11.5601
330,2023-05-09 00:33:12,11.5503,11.5603
331,2023-05-09 00:33:23,11.5502,11.5602
332,2023-05-09 00:34:00,11.5502,11.5602
333,2023-05-09 00:34:24,11.5502,11.5602
334,2023-05-09 00:34:54,11.5505,11.5605
335,2023-05-09 00:34:54,11.5502,11.5602
336,2023-05-09 00:35:00,11.5502,11.5602
337,2023-05-09 00:35:10,11.5501,11.5601
338,2023-05-09 00:35:11,11.5502,11.5602
339,2023-05-09 00:35:33,11.55,11.56
340,2023-05-09 00:35:34,11.5498,11.5598
341,2023-05-09 00:35:34,11.549900000000001,11.5599
342,2023-05-09 00:35:34,11.5497,11.5597
343,2023-05-09 00:35:35,11.5495,11.5595
344,2023-05-09 00:36:00,11.5495,11.5595
345,2023-05-09 00:36:27,11.5496,11.5596
346,2023-05-09 00:36:29,11.548,11.558
347,2023-05-09 00:36:29,11.5478,11.5578
348,2023-05-09 00:36:29,11.5473,11.5573
349,2023-05-09 00:36:29,11.5471,11.5571
350,2023-05-09 00:36:30,11.547,11.557
351,2023-05-09 00:36:41,11.5469,11.5569
352,2023-05-09 00:36:43,11.547,11.557
353,2023-05-09 00:37:00,11.547,11.557
354,2023-05-09 00:37:05,11.5469,11.5569
355,2023-05-09 00:37:05,11.5467,11.5567
356,2023-05-09 00:37:06,11.5466,11.5566
357,2023-05-09 00:37:11,11.5468,11.556799999999999
358,2023-05-09 00:37:23,11.5466,11.5566
359,2023-05-09 00:37:28,11.5464,11.5564
360,2023-05-09 00:37:29,11.5463,11.5563
361,2023-05-09 00:37:29,11.5461,11.5561
362,2023-05-09 00:37:35,11.546,11.556000000000001
363,2023-05-09 00:37:35,11.5455,11.5555
364,2023-05-09 00:37:39,11.5454,11.5554
365,2023-05-09 00:38:01,11.5454,11.5554
366,2023-05-09 00:38:14,11.5457,11.5557
367,2023-05-09 00:38:16,11.5456,11.5556
368,2023-05-09 00:38:17,11.5454,11.5554
369,2023-05-09 00:38:19,11.5453,11.5553
370,2023-05-09 00:38:24,11.5452,11.5552
371,2023-05-09 00:38:25,11.5451,11.5551
372,2023-05-09 00:38:34,11.545,11.555
373,2023-05-09 00:38:39,11.5448,11.5548
374,2023-05-09 00:38:52,11.5449,11.5549
375,2023-05-09 00:38:59,11.5451,11.5551
376,2023-05-09 00:38:59,11.545,11.555
377,2023-05-09 00:39:00,11.545,11.555
378,2023-05-09 00:39:02,11.5451,11.5551
379,2023-05-09 00:39:03,11.545,11.555
380,2023-05-09 00:39:04,11.5451,11.5551
381,2023-05-09 00:39:05,11.5447,11.5547
382,2023-05-09 00:39:05,11.544599999999999,11.5546
383,2023-05-09 00:39:15,11.5443,11.5543
384,2023-05-09 00:39:15,11.5441,11.5541
385,2023-05-09 00:39:50,11.5443,11.5543
386,2023-05-09 00:39:51,11.5438,11.5538
387,2023-05-09 00:39:51,11.5437,11.5537
388,2023-05-09 00:39:52,11.5435,11.5535
389,2023-05-09 00:40:00,11.5435,11.5535
390,2023-05-09 00:40:52,11.5435,11.5535
391,2023-05-09 00:41:00,11.5435,11.5535
392,2023-05-09 00:41:02,11.5438,11.5538
393,2023-05-09 00:41:09,11.544,11.554
394,2023-05-09 00:41:09,11.5441,11.5541
395,2023-05-09 00:41:10,11.5442,11.5542
396,2023-05-09 00:41:14,11.5441,11.5541
397,2023-05-09 00:41:16,11.5442,11.5542
398,2023-05-09 00:41:16,11.5445,11.5545
399,2023-05-09 00:41:17,11.544599999999999,11.5546
400,2023-05-09 00:41:18,11.5445,11.5545
401,2023-05-09 00:41:18,11.544599999999999,11.5546
402,2023-05-09 00:41:18,11.5445,11.5545
403,2023-05-09 00:41:19,11.5447,11.5547
404,2023-05-09 00:41:20,11.5448,11.5548
405,2023-05-09 00:41:21,11.5447,11.5547
406,2023-05-09 00:41:21,11.5445,11.5545
407,2023-05-09 00:41:21,11.544599999999999,11.5546
408,2023-05-09 00:41:21,11.5444,11.5544
409,2023-05-09 00:41:22,11.5442,11.5542
410,2023-05-09 00:41:25,11.5443,11.5543
411,2023-05-09 00:41:25,11.544,11.554
412,2023-05-09 00:41:30,11.5442,11.5542
413,2023-05-09 00:41:31,11.5438,11.5538
414,2023-05-09 00:41:35,11.5447,11.5547
415,2023-05-09 00:41:35,11.5438,11.5538
416,2023-05-09 00:41:35,11.5435,11.5535
417,2023-05-09 00:42:00,11.5435,11.5535
418,2023-05-09 00:42:38,11.5435,11.5535
419,2023-05-09 00:42:56,11.5436,11.5536
420,2023-05-09 00:43:00,11.5436,11.5536
421,2023-05-09 00:43:02,11.5432,11.5532
422,2023-05-09 00:43:10,11.5433,11.5533
423,2023-05-09 00:44:00,11.5433,11.5533
424,2023-05-09 00:44:11,11.5433,11.5533
425,2023-05-09 00:44:21,11.5432,11.5532
426,2023-05-09 00:44:21,11.5433,11.5533
427,2023-05-09 00:44:24,11.5434,11.5534
428,2023-05-09 00:44:25,11.5433,11.5533
429,2023-05-09 00:44:31,11.5431,11.5531
430,2023-05-09 00:44:49,11.5432,11.5532
431,2023-05-09 00:44:52,11.5433,11.5533
432,2023-05-09 00:44:53,11.5435,11.5535
433,2023-05-09 00:44:53,11.5434,11.5534
434,2023-05-09 00:45:00,11.5434,11.5534
435,2023-05-09 00:45:26,11.5433,11.5533
436,2023-05-09 00:45:48,11.5431,11.5531
437,2023-05-09 00:45:53,11.543,11.553
438,2023-05-09 00:45:55,11.5429,11.5529
439,2023-05-09 00:46:01,11.5429,11.5529
440,2023-05-09 00:46:55,11.5429,11.5529
441,2023-05-09 00:47:01,11.5429,11.5529
442,2023-05-09 00:47:02,11.5428,11.5528
443,2023-05-09 00:47:10,11.5431,11.5531
444,2023-05-09 00:47:20,11.5432,11.5532
445,2023-05-09 00:47:20,11.5429,11.5529
446,2023-05-09 00:47:21,11.543,11.553
447,2023-05-09 00:48:01,11.543,11.553
448,2023-05-09 00:48:22,11.543,11.553
449,2023-05-09 00:49:00,11.543,11.553
450,2023-05-09 00:49:22,11.543,11.553
451,2023-05-09 00:49:54,11.5429,11.5529
452,2023-05-09 00:49:54,11.5428,11.5528
453,2023-05-09 00:50:00,11.5428,11.5528
454,2023-05-09 00:50:55,11.5428,11.5528
455,2023-05-09 00:50:55,11.5427,11.5527
456,2023-05-09 00:51:00,11.5427,11.5527
457,2023-05-09 00:51:35,11.5428,11.5528
458,2023-05-09 00:52:00,11.5428,11.5528
459,2023-05-09 00:52:35,11.5427,11.5527
460,2023-05-09 00:52:56,11.5431,11.5531
461,2023-05-09 00:52:56,11.5439,11.5539
462,2023-05-09 00:52:57,11.5445,11.5545
463,2023-05-09 00:52:57,11.5444,11.5544
464,2023-05-09 00:52:58,11.5445,11.5545
465,2023-05-09 00:53:00,11.5445,11.5545
466,2023-05-09 00:53:06,11.544599999999999,11.5546
467,2023-05-09 00:53:08,11.5447,11.5547
468,2023-05-09 00:53:08,11.5448,11.5548
469,2023-05-09 00:53:08,11.545,11.555
470,2023-05-09 00:53:12,11.5449,11.5549
471,2023-05-09 00:53:17,11.5448,11.5548
472,2023-05-09 00:53:20,11.5451,11.5551
473,2023-05-09 00:53:50,11.545,11.555
474,2023-05-09 00:53:50,11.5451,11.5551
475,2023-05-09 00:53:55,11.545,11.555
476,2023-05-09 00:53:56,11.5452,11.5552
477,2023-05-09 00:53:57,11.545,11.555
478,2023-05-09 00:53:57,11.5452,11.5552
479,2023-05-09 00:54:00,11.5453,11.5553
480,2023-05-09 00:54:07,11.5451,11.5551
481,2023-05-09 00:54:12,11.5452,11.5552
482,2023-05-09 00:54:22,11.5451,11.5551
483,2023-05-09 00:54:29,11.5452,11.5552
484,2023-05-09 00:54:36,11.5453,11.5553
485,2023-05-09 00:54:36,11.5454,11.5554
486,2023-05-09 00:54:37,11.5455,11.5555
487,2023-05-09 00:54:43,11.5453,11.5553
488,2023-05-09 00:54:44,11.5451,11.5551
489,2023-05-09 00:54:44,11.5454,11.5554
490,2023-05-09 00:54:44,11.5456,11.5556
491,2023-05-09 00:54:47,11.5454,11.5554
492,2023-05-09 00:54:47,11.5453,11.5553
493,2023-05-09 00:54:48,11.5452,11.5552
494,2023-05-09 00:54:49,11.5455,11.5555
495,2023-05-09 00:54:52,11.5456,11.5556
496,2023-05-09 00:54:56,11.5454,11.5554
497,2023-05-09 00:54:56,11.5456,11.5556
498,2023-05-09 00:54:59,11.5454,11.5554
499,2023-05-09 00:54:59,11.5456,11.5556
500,2023-05-09 00:55:00,11.5454,11.5554
501,2023-05-09 00:55:09,11.5453,11.5553
502,2023-05-09 00:56:00,11.5453,11.5553
503,2023-05-09 00:56:03,11.5454,11.5554
504,2023-05-09 00:56:04,11.5453,11.5553
505,2023-05-09 00:56:05,11.5454,11.5554
506,2023-05-09 00:56:11,11.5453,11.5553
507,2023-05-09 00:56:12,11.5452,11.5552
508,2023-05-09 00:56:18,11.5453,11.5553
509,2023-05-09 00:56:36,11.5465,11.5565
510,2023-05-09 00:56:36,11.5472,11.5572
511,2023-05-09 00:56:43,11.5492,11.5592
512,2023-05-09 00:56:44,11.5497,11.5597
513,2023-05-09 00:56:44,11.5498,11.5598
514,2023-05-09 00:57:00,11.5498,11.5598
515,2023-05-09 00:57:29,11.5505,11.5605
516,2023-05-09 00:57:32,11.5504,11.5604
517,2023-05-09 00:57:34,11.5505,11.5605
518,2023-05-09 00:57:39,11.5504,11.5604
519,2023-05-09 00:58:00,11.5504,11.5604
520,2023-05-09 00:58:19,11.5503,11.5603
521,2023-05-09 00:58:22,11.5504,11.5604
522,2023-05-09 00:58:26,11.5503,11.5603
523,2023-05-09 00:58:35,11.5504,11.5604
524,2023-05-09 00:58:37,11.5503,11.5603
525,2023-05-09 00:59:01,11.5503,11.5603
526,2023-05-09 00:59:20,11.551,11.561
527,2023-05-09 00:59:20,11.5526,11.5626
528,2023-05-09 00:59:20,11.5522,11.5622
529,2023-05-09 00:59:21,11.5521,11.562100000000001
530,2023-05-09 00:59:22,11.552,11.562
531,2023-05-09 00:59:25,11.5521,11.562100000000001
532,2023-05-09 00:59:26,11.5522,11.5622
533,2023-05-09 00:59:27,11.5523,11.5623
534,2023-05-09 00:59:30,11.5522,11.5622
535,2023-05-09 00:59:32,11.5523,11.5623
536,2023-05-09 00:59:35,11.5524,11.5624
537,2023-05-09 00:59:37,11.5525,11.5625
538,2023-05-09 00:59:37,11.5526,11.5626
539,2023-05-09 00:59:38,11.5528,11.5628
540,2023-05-09 00:59:38,11.5527,11.5627
541,2023-05-09 00:59:43,11.5529,11.562899999999999
542,2023-05-09 00:59:44,11.553,11.563
543,2023-05-09 00:59:45,11.5528,11.5628
544,2023-05-09 00:59:46,11.5529,11.562899999999999
545,2023-05-09 00:59:46,11.5528,11.5628
546,2023-05-09 00:59:46,11.5529,11.562899999999999
547,2023-05-09 00:59:46,11.5528,11.5628
548,2023-05-09 00:59:47,11.5527,11.5627
549,2023-05-09 00:59:50,11.553,11.563
550,2023-05-09 00:59:51,11.5531,11.5631
551,2023-05-09 00:59:51,11.5532,11.5632
552,2023-05-09 00:59:52,11.5533,11.5633
553,2023-05-09 00:59:57,11.553,11.563
554,2023-05-09 00:59:58,11.5532,11.5632
555,2023-05-09 00:59:58,11.553,11.563
556,2023-05-09 00:59:58,11.5532,11.5632
557,2023-05-09 00:59:58,11.5533,11.5633
558,2023-05-09 01:00:00,11.5534,11.5634
559,2023-05-09 01:00:00,11.5533,11.5633
560,2023-05-09 01:00:02,11.5534,11.5634
561,2023-05-09 01:00:03,11.5533,11.5633
562,2023-05-09 01:00:03,11.5534,11.5634
563,2023-05-09 01:00:04,11.5535,11.5635
564,2023-05-09 01:00:05,11.5534,11.5634
565,2023-05-09 01:00:07,11.5533,11.5633
566,2023-05-09 01:00:07,11.5532,11.5632
567,2023-05-09 01:00:09,11.5533,11.5633
568,2023-05-09 01:00:09,11.5532,11.5632
569,2023-05-09 01:00:17,11.5535,11.5635
570,2023-05-09 01:00:17,11.5534,11.5634
571,2023-05-09 01:00:17,11.5535,11.5635
572,2023-05-09 01:00:19,11.5537,11.5637
573,2023-05-09 01:00:20,11.5541,11.5641
574,2023-05-09 01:00:20,11.5543,11.5643
575,2023-05-09 01:00:21,11.5542,11.5642
576,2023-05-09 01:00:25,11.5544,11.5644
577,2023-05-09 01:00:27,11.5546,11.5646
578,2023-05-09 01:00:27,11.5544,11.5644
579,2023-05-09 01:00:28,11.5546,11.5646
580,2023-05-09 01:00:28,11.5544,11.5644
581,2023-05-09 01:00:29,11.5546,11.5646
582,2023-05-09 01:00:30,11.5545,11.5645
583,2023-05-09 01:00:30,11.5546,11.5646
584,2023-05-09 01:00:30,11.5544,11.5644
585,2023-05-09 01:00:31,11.5546,11.5646
586,2023-05-09 01:00:31,11.5549,11.5649
587,2023-05-09 01:00:31,11.5547,11.5647
588,2023-05-09 01:00:34,11.5549,11.5649
589,2023-05-09 01:00:36,11.5547,11.5647
590,2023-05-09 01:00:38,11.5546,11.5646
591,2023-05-09 01:00:41,11.5545,11.5645
592,2023-05-09 01:00:49,11.5544,11.5644
593,2023-05-09 01:00:50,11.5543,11.5643
594,2023-05-09 01:00:55,11.554,11.564
595,2023-05-09 01:00:58,11.5539,11.5639
596,2023-05-09 01:00:58,11.5538,11.5638
597,2023-05-09 01:00:58,11.5539,11.5639
598,2023-05-09 01:00:59,11.554,11.564
599,2023-05-09 01:00:59,11.5538,11.5638
600,2023-05-09 01:00:59,11.5541,11.5641
601,2023-05-09 01:01:00,11.5538,11.5638
602,2023-05-09 01:01:01,11.554,11.564
603,2023-05-09 01:01:04,11.5542,11.5642
604,2023-05-09 01:01:10,11.554,11.564
605,2023-05-09 01:01:11,11.5534,11.5634
606,2023-05-09 01:01:13,11.554,11.564
607,2023-05-09 01:01:13,11.5539,11.5639
608,2023-05-09 01:01:14,11.5538,11.5638
609,2023-05-09 01:01:15,11.5536,11.5636
610,2023-05-09 01:01:16,11.5535,11.5635
611,2023-05-09 01:01:16,11.5536,11.5636
612,2023-05-09 01:01:17,11.5534,11.5634
613,2023-05-09 01:01:17,11.5539,11.5639
614,2023-05-09 01:01:17,11.5537,11.5637
615,2023-05-09 01:01:18,11.5536,11.5636
616,2023-05-09 01:01:18,11.5533,11.5633
617,2023-05-09 01:01:19,11.5535,11.5635
618,2023-05-09 01:01:19,11.5532,11.5632
619,2023-05-09 01:01:20,11.5536,11.5636
620,2023-05-09 01:01:20,11.5533,11.5633
621,2023-05-09 01:01:20,11.5535,11.5635
622,2023-05-09 01:01:20,11.5542,11.5642
623,2023-05-09 01:01:21,11.5537,11.5637
624,2023-05-09 01:01:21,11.5536,11.5636
625,2023-05-09 01:01:21,11.5538,11.5638
626,2023-05-09 01:01:21,11.5539,11.5639
627,2023-05-09 01:01:22,11.5537,11.5637
628,2023-05-09 01:01:22,11.5542,11.5642
629,2023-05-09 01:01:22,11.554,11.564
630,2023-05-09 01:01:28,11.5538,11.5638
631,2023-05-09 01:01:28,11.5537,11.5637
632,2023-05-09 01:01:42,11.5535,11.5635
633,2023-05-09 01:01:42,11.5537,11.5637
634,2023-05-09 01:01:46,11.5533,11.5633
635,2023-05-09 01:01:46,11.5535,11.5635
636,2023-05-09 01:01:47,11.5536,11.5636
637,2023-05-09 01:01:47,11.5535,11.5635
638,2023-05-09 01:01:53,11.5534,11.5634
639,2023-05-09 01:01:55,11.5532,11.5632
640,2023-05-09 01:01:56,11.5533,11.5633
641,2023-05-09 01:01:56,11.5534,11.5634
642,2023-05-09 01:02:00,11.5534,11.5634
643,2023-05-09 01:02:01,11.5533,11.5633
644,2023-05-09 01:02:24,11.5551,11.5651
645,2023-05-09 01:02:24,11.5567,11.5667
646,2023-05-09 01:02:24,11.558,11.568
647,2023-05-09 01:02:24,11.5572,11.5672
648,2023-05-09 01:02:25,11.5583,11.5683
649,2023-05-09 01:02:25,11.5582,11.568200000000001
650,2023-05-09 01:02:25,11.5569,11.5669
651,2023-05-09 01:02:25,11.558,11.568
652,2023-05-09 01:02:26,11.5578,11.5678
653,2023-05-09 01:02:26,11.558,11.568
654,2023-05-09 01:02:27,11.5578,11.5678
655,2023-05-09 01:02:30,11.5579,11.5679
656,2023-05-09 01:02:30,11.558,11.568
657,2023-05-09 01:02:30,11.5554,11.5654
658,2023-05-09 01:02:30,11.5553,11.5653
659,2023-05-09 01:02:31,11.5546,11.5646
660,2023-05-09 01:02:31,11.5544,11.5644
661,2023-05-09 01:02:31,11.5543,11.5643
662,2023-05-09 01:02:31,11.5545,11.5645
663,2023-05-09 01:02:34,11.5544,11.5644
664,2023-05-09 01:02:35,11.5545,11.5645
665,2023-05-09 01:02:35,11.5544,11.5644
666,2023-05-09 01:02:36,11.5545,11.5645
667,2023-05-09 01:03:00,11.5545,11.5645
668,2023-05-09 01:03:19,11.5546,11.5646
669,2023-05-09 01:03:19,11.554,11.564
670,2023-05-09 01:03:20,11.5541,11.5641
671,2023-05-09 01:03:20,11.5542,11.5642
672,2023-05-09 01:04:00,11.5542,11.5642
673,2023-05-09 01:04:08,11.5543,11.5643
674,2023-05-09 01:04:09,11.5542,11.5642
675,2023-05-09 01:05:00,11.5542,11.5642
676,2023-05-09 01:05:08,11.5544,11.5644
677,2023-05-09 01:05:19,11.5545,11.5645
678,2023-05-09 01:05:39,11.5544,11.5644
679,2023-05-09 01:06:00,11.5544,11.5644
680,2023-05-09 01:06:03,11.5542,11.5642
681,2023-05-09 01:06:07,11.5543,11.5643
682,2023-05-09 01:06:14,11.5542,11.5642
683,2023-05-09 01:06:20,11.5543,11.5643
684,2023-05-09 01:06:20,11.5544,11.5644
685,2023-05-09 01:06:29,11.5543,11.5643
686,2023-05-09 01:06:33,11.5544,11.5644
687,2023-05-09 01:06:43,11.5543,11.5643
688,2023-05-09 01:06:45,11.5544,11.5644
689,2023-05-09 01:07:00,11.5544,11.5644
690,2023-05-09 01:07:05,11.5543,11.5643
691,2023-05-09 01:07:57,11.5549,11.5649
692,2023-05-09 01:08:01,11.5549,11.5649
693,2023-05-09 01:08:02,11.5543,11.5643
694,2023-05-09 01:08:38,11.5546,11.5646
695,2023-05-09 01:08:42,11.5548,11.5648
696,2023-05-09 01:09:00,11.5548,11.5648
697,2023-05-09 01:09:00,11.5549,11.5649
698,2023-05-09 01:10:01,11.5549,11.5649
699,2023-05-09 01:10:56,11.5548,11.5648
700,2023-05-09 01:10:58,11.5549,11.5649
701,2023-05-09 01:11:00,11.5549,11.5649
702,2023-05-09 01:11:00,11.5548,11.5648
703,2023-05-09 01:11:02,11.5549,11.5649
704,2023-05-09 01:11:04,11.5548,11.5648
705,2023-05-09 01:11:06,11.5547,11.5647
706,2023-05-09 01:11:07,11.5549,11.5649
707,2023-05-09 01:11:09,11.5547,11.5647
708,2023-05-09 01:11:10,11.5548,11.5648
709,2023-05-09 01:11:11,11.5549,11.5649
710,2023-05-09 01:11:13,11.5548,11.5648
711,2023-05-09 01:11:14,11.5547,11.5647
712,2023-05-09 01:11:15,11.5548,11.5648
713,2023-05-09 01:12:02,11.5548,11.5648
714,2023-05-09 01:12:15,11.5548,11.5648
715,2023-05-09 01:12:35,11.5547,11.5647
716,2023-05-09 01:13:01,11.5547,11.5647
717,2023-05-09 01:13:36,11.5547,11.5647
718,2023-05-09 01:13:55,11.5548,11.5648
719,2023-05-09 01:14:00,11.5548,11.5648
720,2023-05-09 01:14:06,11.5549,11.5649
721,2023-05-09 01:14:07,11.5548,11.5648
722,2023-05-09 01:14:18,11.5549,11.5649
723,2023-05-09 01:14:45,11.5548,11.5648
724,2023-05-09 01:15:00,11.5548,11.5648
725,2023-05-09 01:15:05,11.5547,11.5647
726,2023-05-09 01:15:25,11.5548,11.5648
727,2023-05-09 01:15:47,11.5549,11.5649
728,2023-05-09 01:15:51,11.5547,11.5647
729,2023-05-09 01:15:52,11.5546,11.5646
730,2023-05-09 01:15:52,11.5547,11.5647
731,2023-05-09 01:15:57,11.5546,11.5646
732,2023-05-09 01:15:57,11.5547,11.5647
733,2023-05-09 01:16:00,11.5547,11.5647
734,2023-05-09 01:16:03,11.555,11.565
735,2023-05-09 01:16:03,11.5549,11.5649
736,2023-05-09 01:16:05,11.5548,11.5648
737,2023-05-09 01:16:06,11.5549,11.5649
738,2023-05-09 01:16:07,11.5548,11.5648
739,2023-05-09 01:16:07,11.5541,11.5641
740,2023-05-09 01:16:13,11.5542,11.5642
741,2023-05-09 01:16:14,11.5541,11.5641
742,2023-05-09 01:16:16,11.554,11.564
743,2023-05-09 01:16:16,11.5533,11.5633
744,2023-05-09 01:16:16,11.5532,11.5632
745,2023-05-09 01:16:17,11.5531,11.5631
746,2023-05-09 01:16:17,11.553,11.563
747,2023-05-09 01:16:18,11.5527,11.5627
748,2023-05-09 01:16:18,11.5526,11.5626
749,2023-05-09 01:16:21,11.5527,11.5627
750,2023-05-09 01:16:22,11.5525,11.5625
751,2023-05-09 01:16:28,11.5527,11.5627
752,2023-05-09 01:16:30,11.5525,11.5625
753,2023-05-09 01:16:33,11.5524,11.5624
754,2023-05-09 01:16:33,11.552,11.562
755,2023-05-09 01:16:33,11.5519,11.5619
756,2023-05-09 01:16:36,11.5517,11.5617
757,2023-05-09 01:16:40,11.552,11.562
758,2023-05-09 01:16:40,11.5518,11.5618
759,2023-05-09 01:17:01,11.5518,11.5618
760,2023-05-09 01:17:38,11.5526,11.5626
761,2023-05-09 01:17:38,11.5525,11.5625
762,2023-05-09 01:17:43,11.5518,11.5618
763,2023-05-09 01:17:48,11.5517,11.5617
764,2023-05-09 01:17:51,11.5515,11.5615
765,2023-05-09 01:17:53,11.5516,11.5616
766,2023-05-09 01:18:00,11.5516,11.5616
767,2023-05-09 01:18:09,11.5517,11.5617
768,2023-05-09 01:19:00,11.5517,11.5617
769,2023-05-09 01:19:11,11.5517,11.5617
770,2023-05-09 01:19:47,11.5518,11.5618
771,2023-05-09 01:19:49,11.5517,11.5617
772,2023-05-09 01:20:00,11.5517,11.5617
773,2023-05-09 01:20:03,11.5519,11.5619
774,2023-05-09 01:20:12,11.5517,11.5617
775,2023-05-09 01:20:13,11.5519,11.5619
776,2023-05-09 01:20:20,11.5518,11.5618
777,2023-05-09 01:20:20,11.5519,11.5619
778,2023-05-09 01:20:33,11.552,11.562
779,2023-05-09 01:21:00,11.552,11.562
780,2023-05-09 01:21:14,11.5519,11.5619
781,2023-05-09 01:22:03,11.5519,11.5619
782,2023-05-09 01:22:11,11.5521,11.562100000000001
783,2023-05-09 01:22:27,11.5522,11.5622
784,2023-05-09 01:22:58,11.5521,11.562100000000001
785,2023-05-09 01:23:02,11.5521,11.562100000000001
786,2023-05-09 01:23:10,11.552,11.562
787,2023-05-09 01:23:18,11.5522,11.5622
788,2023-05-09 01:23:19,11.552,11.562
789,2023-05-09 01:23:21,11.5521,11.562100000000001
790,2023-05-09 01:23:22,11.552,11.562
791,2023-05-09 01:23:26,11.5521,11.562100000000001
792,2023-05-09 01:23:26,11.5519,11.5619
793,2023-05-09 01:24:00,11.5519,11.5619
794,2023-05-09 01:24:26,11.5519,11.5619
795,2023-05-09 01:24:37,11.5521,11.562100000000001
796,2023-05-09 01:24:37,11.5519,11.5619
797,2023-05-09 01:24:46,11.5521,11.562100000000001
798,2023-05-09 01:24:48,11.5519,11.5619
799,2023-05-09 01:25:00,11.5519,11.5619
800,2023-05-09 01:25:08,11.5521,11.562100000000001
801,2023-05-09 01:25:11,11.5523,11.5623
802,2023-05-09 01:25:15,11.5521,11.562100000000001
803,2023-05-09 01:25:16,11.552,11.562
804,2023-05-09 01:25:16,11.5521,11.562100000000001
805,2023-05-09 01:25:21,11.5523,11.5623
806,2023-05-09 01:25:21,11.5524,11.5624
807,2023-05-09 01:25:32,11.5525,11.5625
808,2023-05-09 01:25:36,11.5523,11.5623
809,2023-05-09 01:25:54,11.5524,11.5624
810,2023-05-09 01:26:00,11.5524,11.5624
811,2023-05-09 01:26:21,11.5526,11.5626
812,2023-05-09 01:26:22,11.5525,11.5625
813,2023-05-09 01:26:24,11.5526,11.5626
814,2023-05-09 01:26:32,11.5524,11.5624
815,2023-05-09 01:27:02,11.5524,11.5624
816,2023-05-09 01:27:04,11.5525,11.5625
817,2023-05-09 01:27:46,11.553,11.563
818,2023-05-09 01:27:47,11.5525,11.5625
819,2023-05-09 01:27:47,11.5524,11.5624
820,2023-05-09 01:27:48,11.5526,11.5626
821,2023-05-09 01:27:54,11.5525,11.5625
822,2023-05-09 01:28:02,11.5525,11.5625
823,2023-05-09 01:28:13,11.5526,11.5626
824,2023-05-09 01:28:13,11.5525,11.5625
825,2023-05-09 01:28:14,11.5526,11.5626
826,2023-05-09 01:28:15,11.5524,11.5624
827,2023-05-09 01:28:17,11.5525,11.5625
828,2023-05-09 01:28:27,11.5524,11.5624
829,2023-05-09 01:28:28,11.5525,11.5625
830,2023-05-09 01:28:36,11.5524,11.5624
831,2023-05-09 01:28:36,11.5525,11.5625
832,2023-05-09 01:28:41,11.5524,11.5624
833,2023-05-09 01:28:42,11.5525,11.5625
834,2023-05-09 01:28:44,11.5524,11.5624
835,2023-05-09 01:28:45,11.5525,11.5625
836,2023-05-09 01:28:46,11.5524,11.5624
837,2023-05-09 01:29:00,11.5524,11.5624
838,2023-05-09 01:29:22,11.5525,11.5625
839,2023-05-09 01:29:25,11.5526,11.5626
840,2023-05-09 01:29:34,11.5525,11.5625
841,2023-05-09 01:29:47,11.5526,11.5626
842,2023-05-09 01:29:54,11.5527,11.5627
843,2023-05-09 01:29:54,11.5526,11.5626
844,2023-05-09 01:29:55,11.5527,11.5627
845,2023-05-09 01:30:00,11.5527,11.5627
846,2023-05-09 01:30:01,11.5526,11.5626
847,2023-05-09 01:30:10,11.5527,11.5627
848,2023-05-09 01:30:48,11.5526,11.5626
849,2023-05-09 01:31:02,11.5526,11.5626
850,2023-05-09 01:31:48,11.5526,11.5626
851,2023-05-09 01:32:02,11.5526,11.5626
852,2023-05-09 01:32:42,11.5527,11.5627
853,2023-05-09 01:33:02,11.5527,11.5627
854,2023-05-09 01:33:45,11.5527,11.5627
855,2023-05-09 01:34:01,11.5527,11.5627
856,2023-05-09 01:34:41,11.5528,11.5628
857,2023-05-09 01:35:00,11.5528,11.5628
858,2023-05-09 01:35:41,11.5528,11.5628
859,2023-05-09 01:36:00,11.5528,11.5628
860,2023-05-09 01:36:36,11.5529,11.562899999999999
861,2023-05-09 01:36:37,11.5528,11.5628
862,2023-05-09 01:36:43,11.5529,11.562899999999999
863,2023-05-09 01:36:43,11.5528,11.5628
864,2023-05-09 01:36:46,11.5529,11.562899999999999
865,2023-05-09 01:36:46,11.5528,11.5628
866,2023-05-09 01:36:56,11.5529,11.562899999999999
867,2023-05-09 01:36:57,11.5528,11.5628
868,2023-05-09 01:36:58,11.5529,11.562899999999999
869,2023-05-09 01:37:01,11.5528,11.5628
870,2023-05-09 01:37:01,11.5529,11.562899999999999
871,2023-05-09 01:37:02,11.5528,11.5628
872,2023-05-09 01:37:03,11.5529,11.562899999999999
873,2023-05-09 01:37:05,11.5528,11.5628
874,2023-05-09 01:37:06,11.5529,11.562899999999999
875,2023-05-09 01:37:13,11.5528,11.5628
876,2023-05-09 01:37:14,11.5529,11.562899999999999
877,2023-05-09 01:37:35,11.553,11.563
878,2023-05-09 01:37:37,11.5529,11.562899999999999
879,2023-05-09 01:37:46,11.553,11.563
880,2023-05-09 01:37:47,11.5529,11.562899999999999
881,2023-05-09 01:37:47,11.553,11.563
882,2023-05-09 01:37:50,11.5529,11.562899999999999
883,2023-05-09 01:37:55,11.553,11.563
884,2023-05-09 01:38:01,11.553,11.563
885,2023-05-09 01:38:04,11.5527,11.5627
886,2023-05-09 01:38:10,11.553,11.563
887,2023-05-09 01:38:21,11.5531,11.5631
888,2023-05-09 01:39:00,11.5531,11.5631
889,2023-05-09 01:39:13,11.5532,11.5632
890,2023-05-09 01:39:16,11.5531,11.5631
891,2023-05-09 01:39:29,11.5532,11.5632
892,2023-05-09 01:39:43,11.5529,11.562899999999999
893,2023-05-09 01:39:44,11.553,11.563
894,2023-05-09 01:39:50,11.5531,11.5631
895,2023-05-09 01:39:59,11.5532,11.5632
896,2023-05-09 01:40:00,11.5531,11.5631
897,2023-05-09 01:40:41,11.5532,11.5632
898,2023-05-09 01:40:47,11.5531,11.5631
899,2023-05-09 01:41:02,11.5531,11.5631
900,2023-05-09 01:41:02,11.5532,11.5632
901,2023-05-09 01:41:12,11.5531,11.5631
902,2023-05-09 01:41:51,11.5533,11.5633
903,2023-05-09 01:41:51,11.5532,11.5632
904,2023-05-09 01:42:00,11.5532,11.5632
905,2023-05-09 01:42:32,11.5534,11.5634
906,2023-05-09 01:43:01,11.5534,11.5634
907,2023-05-09 01:43:05,11.5535,11.5635
908,2023-05-09 01:43:25,11.5536,11.5636
909,2023-05-09 01:43:28,11.5535,11.5635
910,2023-05-09 01:43:29,11.5534,11.5634
911,2023-05-09 01:43:29,11.5536,11.5636
912,2023-05-09 01:43:31,11.5534,11.5634
913,2023-05-09 01:43:32,11.5536,11.5636
914,2023-05-09 01:43:35,11.5534,11.5634
915,2023-05-09 01:43:35,11.5536,11.5636
916,2023-05-09 01:43:36,11.5534,11.5634
917,2023-05-09 01:43:37,11.5535,11.5635
918,2023-05-09 01:44:02,11.5535,11.5635
919,2023-05-09 01:44:04,11.5537,11.5637
920,2023-05-09 01:44:31,11.5536,11.5636
921,2023-05-09 01:44:52,11.5535,11.5635
922,2023-05-09 01:44:56,11.5536,11.5636
923,2023-05-09 01:45:00,11.5536,11.5636
924,2023-05-09 01:45:00,11.5535,11.5635
925,2023-05-09 01:45:29,11.5536,11.5636
926,2023-05-09 01:45:36,11.5535,11.5635
927,2023-05-09 01:46:00,11.5535,11.5635
928,2023-05-09 01:46:06,11.5536,11.5636
929,2023-05-09 01:46:12,11.5537,11.5637
930,2023-05-09 01:46:12,11.5536,11.5636
931,2023-05-09 01:46:27,11.5534,11.5634
932,2023-05-09 01:46:31,11.5543,11.5643
933,2023-05-09 01:46:31,11.5547,11.5647
934,2023-05-09 01:46:32,11.5545,11.5645
935,2023-05-09 01:46:32,11.5546,11.5646
936,2023-05-09 01:46:39,11.5554,11.5654
937,2023-05-09 01:46:40,11.5556,11.5656
938,2023-05-09 01:46:40,11.5558,11.5658
939,2023-05-09 01:46:41,11.5564,11.5664
940,2023-05-09 01:46:41,11.557,11.567
941,2023-05-09 01:46:43,11.556799999999999,11.5668
942,2023-05-09 01:46:43,11.5569,11.5669
943,2023-05-09 01:46:44,11.556799999999999,11.5668
944,2023-05-09 01:46:45,11.5572,11.5672
945,2023-05-09 01:46:45,11.556799999999999,11.5668
946,2023-05-09 01:46:45,11.5566,11.5666
947,2023-05-09 01:46:46,11.5567,11.5667
948,2023-05-09 01:46:50,11.5569,11.5669
949,2023-05-09 01:46:50,11.5567,11.5667
950,2023-05-09 01:46:50,11.5571,11.5671
951,2023-05-09 01:46:51,11.556799999999999,11.5668
952,2023-05-09 01:46:52,11.5566,11.5666
953,2023-05-09 01:46:53,11.556799999999999,11.5668
954,2023-05-09 01:46:54,11.5566,11.5666
955,2023-05-09 01:46:54,11.5567,11.5667
956,2023-05-09 01:47:00,11.5567,11.5667
957,2023-05-09 01:47:15,11.5566,11.5666
958,2023-05-09 01:47:28,11.5567,11.5667
959,2023-05-09 01:47:32,11.556799999999999,11.5668
960,2023-05-09 01:47:32,11.5566,11.5666
961,2023-05-09 01:47:33,11.556799999999999,11.5668
962,2023-05-09 01:47:33,11.5566,11.5666
963,2023-05-09 01:47:35,11.556799999999999,11.5668
964,2023-05-09 01:47:36,11.5567,11.5667
965,2023-05-09 01:47:36,11.5566,11.5666
966,2023-05-09 01:47:38,11.5567,11.5667
967,2023-05-09 01:47:41,11.556799999999999,11.5668
968,2023-05-09 01:47:41,11.5566,11.5666
969,2023-05-09 01:47:43,11.556799999999999,11.5668
970,2023-05-09 01:47:44,11.5566,11.5666
971,2023-05-09 01:47:47,11.556799999999999,11.5668
972,2023-05-09 01:47:50,11.5569,11.5669
973,2023-05-09 01:47:50,11.5567,11.5667
974,2023-05-09 01:47:51,11.556799999999999,11.5668
975,2023-05-09 01:47:51,11.5567,11.5667
976,2023-05-09 01:47:57,11.556799999999999,11.5668
977,2023-05-09 01:47:59,11.5567,11.5667
978,2023-05-09 01:48:00,11.5567,11.5667
979,2023-05-09 01:48:14,11.556799999999999,11.5668
980,2023-05-09 01:48:15,11.5569,11.5669
981,2023-05-09 01:48:16,11.5567,11.5667
982,2023-05-09 01:48:16,11.556799999999999,11.5668
983,2023-05-09 01:48:16,11.5567,11.5667
984,2023-05-09 01:48:17,11.556799999999999,11.5668
985,2023-05-09 01:48:17,11.5567,11.5667
986,2023-05-09 01:49:00,11.5567,11.5667
987,2023-05-09 01:49:01,11.557,11.567
988,2023-05-09 01:49:01,11.556799999999999,11.5668
989,2023-05-09 01:49:07,11.5567,11.5667
990,2023-05-09 01:49:13,11.5566,11.5666
991,2023-05-09 01:49:19,11.556799999999999,11.5668
992,2023-05-09 01:49:19,11.5566,11.5666
993,2023-05-09 01:49:36,11.5567,11.5667
994,2023-05-09 01:50:00,11.5567,11.5667
995,2023-05-09 01:50:27,11.5569,11.5669
996,2023-05-09 01:50:27,11.556799999999999,11.5668
997,2023-05-09 01:50:54,11.5571,11.5671
998,2023-05-09 01:50:54,11.5572,11.5672
999,2023-05-09 01:50:55,11.5571,11.5671
1000,2023-05-09 01:51:00,11.5571,11.5671
1001,2023-05-09 01:51:02,11.557,11.567
1002,2023-05-09 01:51:03,11.5566,11.5666
1003,2023-05-09 01:51:04,11.5567,11.5667
1004,2023-05-09 01:51:48,11.556799999999999,11.5668
1005,2023-05-09 01:51:54,11.5567,11.5667
1006,2023-05-09 01:52:01,11.5567,11.5667
1007,2023-05-09 01:52:48,11.5565,11.5665
1008,2023-05-09 01:52:52,11.5566,11.5666
1009,2023-05-09 01:52:53,11.5567,11.5667
1010,2023-05-09 01:52:54,11.5566,11.5666
1011,2023-05-09 01:53:00,11.5566,11.5666
1012,2023-05-09 01:53:10,11.5565,11.5665
1013,2023-05-09 01:53:13,11.5564,11.5664
1014,2023-05-09 01:53:30,11.5565,11.5665
1015,2023-05-09 01:53:37,11.5563,11.5663
1016,2023-05-09 01:54:00,11.5563,11.5663
1017,2023-05-09 01:54:01,11.5564,11.5664
1018,2023-05-09 01:54:02,11.5563,11.5663
1019,2023-05-09 01:54:05,11.5564,11.5664
1020,2023-05-09 01:54:10,11.5563,11.5663
1021,2023-05-09 01:54:10,11.5561,11.5661
1022,2023-05-09 01:54:22,11.556000000000001,11.566
1023,2023-05-09 01:54:27,11.5559,11.5659
1024,2023-05-09 01:54:28,11.5558,11.5658
1025,2023-05-09 01:54:32,11.5561,11.5661
1026,2023-05-09 01:54:33,11.5559,11.5659
1027,2023-05-09 01:54:34,11.5558,11.5658
1028,2023-05-09 01:54:37,11.556000000000001,11.566
1029,2023-05-09 01:54:38,11.5561,11.5661
1030,2023-05-09 01:54:38,11.556000000000001,11.566
1031,2023-05-09 01:54:41,11.5561,11.5661
1032,2023-05-09 01:54:41,11.556000000000001,11.566
1033,2023-05-09 01:54:41,11.5561,11.5661
1034,2023-05-09 01:54:49,11.556000000000001,11.566
1035,2023-05-09 01:54:50,11.5558,11.5658
1036,2023-05-09 01:54:50,11.5559,11.5659
1037,2023-05-09 01:55:00,11.5559,11.5659
1038,2023-05-09 01:55:52,11.5559,11.5659
1039,2023-05-09 01:56:00,11.5559,11.5659
1040,2023-05-09 01:56:15,11.556000000000001,11.566
1041,2023-05-09 01:56:16,11.5559,11.5659
1042,2023-05-09 01:57:02,11.5559,11.5659
1043,2023-05-09 01:57:17,11.5559,11.5659
1044,2023-05-09 01:58:00,11.5559,11.5659
1045,2023-05-09 01:58:17,11.5559,11.5659
1046,2023-05-09 01:58:35,11.5558,11.5658
1047,2023-05-09 01:58:36,11.5559,11.5659
1048,2023-05-09 01:59:01,11.5559,11.5659
1049,2023-05-09 01:59:36,11.5559,11.5659
1050,2023-05-09 01:59:46,11.5557,11.5657
1051,2023-05-09 02:00:01,11.5557,11.5657
1052,2023-05-09 02:00:07,11.5555,11.5655
1053,2023-05-09 02:00:08,11.5553,11.5653
1054,2023-05-09 02:00:16,11.5571,11.5671
1055,2023-05-09 02:00:16,11.5573,11.5673
1056,2023-05-09 02:00:17,11.5577,11.5677
1057,2023-05-09 02:00:17,11.5576,11.5676
1058,2023-05-09 02:00:27,11.5578,11.5678
1059,2023-05-09 02:00:27,11.5579,11.5679
1060,2023-05-09 02:01:00,11.5579,11.5679
1061,2023-05-09 02:01:07,11.558,11.568
1062,2023-05-09 02:01:11,11.5581,11.5681
1063,2023-05-09 02:01:17,11.558,11.568
1064,2023-05-09 02:01:54,11.5584,11.5684
1065,2023-05-09 02:02:01,11.5584,11.5684
1066,2023-05-09 02:02:04,11.5582,11.568200000000001
1067,2023-05-09 02:02:14,11.5591,11.5691
1068,2023-05-09 02:02:19,11.5605,11.5705
1069,2023-05-09 02:02:19,11.5604,11.5704
1070,2023-05-09 02:02:20,11.5605,11.5705
1071,2023-05-09 02:02:20,11.561,11.571
1072,2023-05-09 02:02:20,11.5616,11.5716
1073,2023-05-09 02:02:20,11.5612,11.5712
1074,2023-05-09 02:02:21,11.5614,11.5714
1075,2023-05-09 02:02:28,11.5616,11.5716
1076,2023-05-09 02:02:28,11.5614,11.5714
1077,2023-05-09 02:02:30,11.5616,11.5716
1078,2023-05-09 02:02:30,11.5617,11.5717
1079,2023-05-09 02:02:30,11.5601,11.5701
1080,2023-05-09 02:02:30,11.5595,11.5695
1081,2023-05-09 02:02:31,11.5593,11.5693
1082,2023-05-09 02:02:34,11.5591,11.5691
1083,2023-05-09 02:02:34,11.5588,11.5688
1084,2023-05-09 02:02:36,11.5589,11.5689
1085,2023-05-09 02:02:37,11.5591,11.5691
1086,2023-05-09 02:02:38,11.5588,11.5688
1087,2023-05-09 02:02:38,11.5591,11.5691
1088,2023-05-09 02:02:39,11.5589,11.5689
1089,2023-05-09 02:02:40,11.5588,11.5688
1090,2023-05-09 02:02:40,11.5591,11.5691
1091,2023-05-09 02:02:41,11.559,11.568999999999999
1092,2023-05-09 02:02:42,11.5591,11.5691
1093,2023-05-09 02:02:52,11.559,11.568999999999999
1094,2023-05-09 02:02:53,11.5589,11.5689
1095,2023-05-09 02:02:55,11.5588,11.5688
1096,2023-05-09 02:02:55,11.5587,11.5687
1097,2023-05-09 02:03:00,11.5587,11.5687
1098,2023-05-09 02:03:01,11.5588,11.5688
1099,2023-05-09 02:03:02,11.5586,11.5686
1100,2023-05-09 02:03:02,11.5588,11.5688
1101,2023-05-09 02:03:02,11.5586,11.5686
1102,2023-05-09 02:03:08,11.5588,11.5688
1103,2023-05-09 02:03:14,11.5586,11.5686
1104,2023-05-09 02:03:15,11.5588,11.5688
1105,2023-05-09 02:03:15,11.5586,11.5686
1106,2023-05-09 02:03:17,11.5588,11.5688
1107,2023-05-09 02:03:18,11.5586,11.5686
1108,2023-05-09 02:03:18,11.5588,11.5688
1109,2023-05-09 02:03:19,11.5586,11.5686
1110,2023-05-09 02:03:37,11.5587,11.5687
1111,2023-05-09 02:04:02,11.5587,11.5687
1112,2023-05-09 02:04:13,11.5588,11.5688
1113,2023-05-09 02:04:17,11.5585,11.5685
1114,2023-05-09 02:04:29,11.5586,11.5686
1115,2023-05-09 02:04:56,11.5588,11.5688
1116,2023-05-09 02:04:59,11.5587,11.5687
1117,2023-05-09 02:05:00,11.5587,11.5687
1118,2023-05-09 02:05:47,11.5586,11.5686
1119,2023-05-09 02:05:47,11.5588,11.5688
1120,2023-05-09 02:06:01,11.5588,11.5688
1121,2023-05-09 02:06:11,11.5586,11.5686
1122,2023-05-09 02:06:11,11.5587,11.5687
1123,2023-05-09 02:07:01,11.5587,11.5687
1124,2023-05-09 02:07:04,11.5589,11.5689
1125,2023-05-09 02:07:42,11.559,11.568999999999999
1126,2023-05-09 02:07:44,11.5591,11.5691
1127,2023-05-09 02:07:44,11.559,11.568999999999999
1128,2023-05-09 02:07:53,11.5591,11.5691
1129,2023-05-09 02:07:55,11.559,11.568999999999999
1130,2023-05-09 02:08:02,11.559,11.568999999999999
1131,2023-05-09 02:08:23,11.5589,11.5689
1132,2023-05-09 02:08:25,11.5587,11.5687
1133,2023-05-09 02:08:41,11.5589,11.5689
1134,2023-05-09 02:08:42,11.5588,11.5688
1135,2023-05-09 02:09:00,11.5588,11.5688
1136,2023-05-09 02:09:03,11.5589,11.5689
1137,2023-05-09 02:09:03,11.559,11.568999999999999
1138,2023-05-09 02:09:03,11.5589,11.5689
1139,2023-05-09 02:09:12,11.5587,11.5687
1140,2023-05-09 02:09:52,11.5589,11.5689
1141,2023-05-09 02:10:01,11.5589,11.5689
1142,2023-05-09 02:10:04,11.5587,11.5687
1143,2023-05-09 02:10:24,11.559,11.568999999999999
1144,2023-05-09 02:10:26,11.5586,11.5686
1145,2023-05-09 02:11:00,11.5586,11.5686
1146,2023-05-09 02:11:08,11.5588,11.5688
1147,2023-05-09 02:11:13,11.5586,11.5686
1148,2023-05-09 02:11:22,11.5587,11.5687
1149,2023-05-09 02:11:35,11.5584,11.5684
1150,2023-05-09 02:11:54,11.5583,11.5683
1151,2023-05-09 02:12:01,11.5584,11.5684
1152,2023-05-09 02:12:02,11.5583,11.5683
1153,2023-05-09 02:12:02,11.5584,11.5684
1154,2023-05-09 02:12:36,11.5583,11.5683
1155,2023-05-09 02:12:39,11.5582,11.568200000000001
1156,2023-05-09 02:12:46,11.5581,11.5681
1157,2023-05-09 02:12:47,11.5584,11.5684
1158,2023-05-09 02:12:47,11.5581,11.5681
1159,2023-05-09 02:12:50,11.5582,11.568200000000001
1160,2023-05-09 02:13:00,11.5582,11.568200000000001
1161,2023-05-09 02:13:17,11.5583,11.5683
1162,2023-05-09 02:13:17,11.5582,11.568200000000001
1163,2023-05-09 02:13:18,11.5584,11.5684
1164,2023-05-09 02:13:20,11.5587,11.5687
1165,2023-05-09 02:13:21,11.5584,11.5684
1166,2023-05-09 02:13:28,11.5585,11.5685
1167,2023-05-09 02:13:29,11.5584,11.5684
1168,2023-05-09 02:13:36,11.5586,11.5686
1169,2023-05-09 02:13:36,11.5585,11.5685
1170,2023-05-09 02:13:59,11.5586,11.5686
1171,2023-05-09 02:14:00,11.5585,11.5685
1172,2023-05-09 02:14:07,11.5602,11.5702
1173,2023-05-09 02:14:07,11.5599,11.5699
1174,2023-05-09 02:14:07,11.5597,11.5697
1175,2023-05-09 02:14:22,11.5595,11.5695
1176,2023-05-09 02:14:57,11.5596,11.5696
1177,2023-05-09 02:15:00,11.5596,11.5696
1178,2023-05-09 02:15:35,11.5595,11.5695
1179,2023-05-09 02:15:41,11.5596,11.5696
1180,2023-05-09 02:16:00,11.5596,11.5696
1181,2023-05-09 02:16:41,11.5596,11.5696
1182,2023-05-09 02:16:45,11.5595,11.5695
1183,2023-05-09 02:16:45,11.5594,11.5694
1184,2023-05-09 02:17:00,11.5596,11.5696
1185,2023-05-09 02:17:04,11.5594,11.5694
1186,2023-05-09 02:17:04,11.5595,11.5695
1187,2023-05-09 02:17:11,11.5592,11.5692
1188,2023-05-09 02:17:11,11.5593,11.5693
1189,2023-05-09 02:17:13,11.559,11.568999999999999
1190,2023-05-09 02:17:13,11.5591,11.5691
1191,2023-05-09 02:17:14,11.5595,11.5695
1192,2023-05-09 02:17:14,11.5594,11.5694
1193,2023-05-09 02:17:15,11.5588,11.5688
1194,2023-05-09 02:17:15,11.5589,11.5689
1195,2023-05-09 02:17:26,11.5588,11.5688
1196,2023-05-09 02:17:33,11.5589,11.5689
1197,2023-05-09 02:17:37,11.559,11.568999999999999
1198,2023-05-09 02:17:40,11.5591,11.5691
1199,2023-05-09 02:17:40,11.5589,11.5689
1200,2023-05-09 02:17:46,11.5588,11.5688
1201,2023-05-09 02:17:47,11.5586,11.5686
1202,2023-05-09 02:17:47,11.5585,11.5685
1203,2023-05-09 02:17:48,11.5582,11.568200000000001
1204,2023-05-09 02:17:48,11.558,11.568
1205,2023-05-09 02:17:49,11.5579,11.5679
1206,2023-05-09 02:17:50,11.558,11.568
1207,2023-05-09 02:17:50,11.5577,11.5677
1208,2023-05-09 02:17:56,11.5575,11.5675
1209,2023-05-09 02:17:57,11.5576,11.5676
1210,2023-05-09 02:18:00,11.5576,11.5676
1211,2023-05-09 02:18:57,11.5576,11.5676
1212,2023-05-09 02:19:00,11.5576,11.5676
1213,2023-05-09 02:19:07,11.5575,11.5675
1214,2023-05-09 02:19:07,11.5576,11.5676
1215,2023-05-09 02:19:08,11.5575,11.5675
1216,2023-05-09 02:19:08,11.5576,11.5676
1217,2023-05-09 02:19:12,11.5575,11.5675
1218,2023-05-09 02:19:12,11.5576,11.5676
1219,2023-05-09 02:19:13,11.553,11.563
1220,2023-05-09 02:19:13,11.5528,11.5628
1221,2023-05-09 02:19:13,11.5529,11.562899999999999
1222,2023-05-09 02:19:13,11.553,11.563
1223,2023-05-09 02:19:14,11.5529,11.562899999999999
1224,2023-05-09 02:19:14,11.553,11.563
1225,2023-05-09 02:19:15,11.5531,11.5631
1226,2023-05-09 02:19:15,11.553,11.563
1227,2023-05-09 02:19:16,11.5531,11.5631
1228,2023-05-09 02:19:16,11.553,11.563
1229,2023-05-09 02:19:16,11.5531,11.5631
1230,2023-05-09 02:19:17,11.553,11.563
1231,2023-05-09 02:19:17,11.5531,11.5631
1232,2023-05-09 02:19:26,11.5533,11.5633
1233,2023-05-09 02:19:32,11.5534,11.5634
1234,2023-05-09 02:19:40,11.5538,11.5638
1235,2023-05-09 02:19:41,11.5535,11.5635
1236,2023-05-09 02:19:43,11.5537,11.5637
1237,2023-05-09 02:19:46,11.5535,11.5635
1238,2023-05-09 02:19:57,11.5537,11.5637
1239,2023-05-09 02:19:58,11.5535,11.5635
1240,2023-05-09 02:19:59,11.5537,11.5637
1241,2023-05-09 02:19:59,11.5535,11.5635
1242,2023-05-09 02:20:00,11.5537,11.5637
1243,2023-05-09 02:20:01,11.5535,11.5635
1244,2023-05-09 02:20:02,11.5537,11.5637
1245,2023-05-09 02:20:02,11.5535,11.5635
1246,2023-05-09 02:20:04,11.5537,11.5637
1247,2023-05-09 02:20:06,11.5533,11.5633
1248,2023-05-09 02:20:06,11.5531,11.5631
1249,2023-05-09 02:20:06,11.5533,11.5633
1250,2023-05-09 02:20:07,11.5531,11.5631
1251,2023-05-09 02:20:07,11.5533,11.5633
1252,2023-05-09 02:20:19,11.5532,11.5632
1253,2023-05-09 02:20:20,11.5533,11.5633
1254,2023-05-09 02:20:21,11.5532,11.5632
1255,2023-05-09 02:20:21,11.5535,11.5635
1256,2023-05-09 02:20:22,11.5534,11.5634
1257,2023-05-09 02:20:22,11.5532,11.5632
1258,2023-05-09 02:20:23,11.553,11.563
1259,2023-05-09 02:20:24,11.5532,11.5632
1260,2023-05-09 02:21:00,11.5532,11.5632
1261,2023-05-09 02:21:08,11.5535,11.5635
1262,2023-05-09 02:21:21,11.5532,11.5632
1263,2023-05-09 02:22:00,11.5532,11.5632
1264,2023-05-09 02:22:11,11.5535,11.5635
1265,2023-05-09 02:22:22,11.5534,11.5634
1266,2023-05-09 02:22:38,11.5536,11.5636
1267,2023-05-09 02:22:38,11.5532,11.5632
1268,2023-05-09 02:23:01,11.5532,11.5632
1269,2023-05-09 02:23:39,11.5532,11.5632
1270,2023-05-09 02:23:52,11.5535,11.5635
1271,2023-05-09 02:23:54,11.5534,11.5634
1272,2023-05-09 02:23:54,11.5535,11.5635
1273,2023-05-09 02:23:55,11.5534,11.5634
1274,2023-05-09 02:24:02,11.5534,11.5634
1275,2023-05-09 02:24:04,11.5532,11.5632
1276,2023-05-09 02:25:00,11.5532,11.5632
1277,2023-05-09 02:25:07,11.5532,11.5632
1278,2023-05-09 02:25:37,11.5533,11.5633
1279,2023-05-09 02:25:46,11.5534,11.5634
1280,2023-05-09 02:25:47,11.5532,11.5632
1281,2023-05-09 02:25:48,11.5533,11.5633
1282,2023-05-09 02:25:57,11.5531,11.5631
1283,2023-05-09 02:26:01,11.5531,11.5631
1284,2023-05-09 02:26:31,11.5534,11.5634
1285,2023-05-09 02:26:46,11.5533,11.5633
1286,2023-05-09 02:26:52,11.5534,11.5634
1287,2023-05-09 02:27:01,11.5534,11.5634
1288,2023-05-09 02:27:04,11.5533,11.5633
1289,2023-05-09 02:28:00,11.5533,11.5633
1290,2023-05-09 02:28:06,11.5533,11.5633
1291,2023-05-09 02:28:17,11.5536,11.5636
1292,2023-05-09 02:28:20,11.5537,11.5637
1293,2023-05-09 02:28:56,11.5534,11.5634
1294,2023-05-09 02:29:00,11.5535,11.5635
1295,2023-05-09 02:29:15,11.5534,11.5634
1296,2023-05-09 02:29:59,11.5535,11.5635
1297,2023-05-09 02:30:00,11.5535,11.5635
1298,2023-05-09 02:30:10,11.5534,11.5634
1299,2023-05-09 02:30:12,11.5535,11.5635
1300,2023-05-09 02:30:23,11.5534,11.5634
1301,2023-05-09 02:30:35,11.5535,11.5635
1302,2023-05-09 02:31:00,11.5535,11.5635
1303,2023-05-09 02:31:11,11.5539,11.5639
1304,2023-05-09 02:31:26,11.5538,11.5638
1305,2023-05-09 02:31:36,11.5539,11.5639
1306,2023-05-09 02:31:40,11.5534,11.5634
1307,2023-05-09 02:31:44,11.5535,11.5635
1308,2023-05-09 02:32:00,11.5535,11.5635
1309,2023-05-09 02:32:02,11.5534,11.5634
1310,2023-05-09 02:32:08,11.5535,11.5635
1311,2023-05-09 02:32:12,11.5534,11.5634
1312,2023-05-09 02:32:18,11.5535,11.5635
1313,2023-05-09 02:32:58,11.5539,11.5639
1314,2023-05-09 02:32:58,11.554,11.564
1315,2023-05-09 02:33:01,11.554,11.564
1316,2023-05-09 02:33:41,11.5542,11.5642
1317,2023-05-09 02:33:51,11.554,11.564
1318,2023-05-09 02:33:54,11.5539,11.5639
1319,2023-05-09 02:34:00,11.5539,11.5639
1320,2023-05-09 02:34:24,11.5537,11.5637
1321,2023-05-09 02:35:03,11.5537,11.5637
1322,2023-05-09 02:35:26,11.5537,11.5637
1323,2023-05-09 02:36:00,11.5537,11.5637
1324,2023-05-09 02:36:32,11.5537,11.5637
1325,2023-05-09 02:36:50,11.5536,11.5636
1326,2023-05-09 02:37:00,11.5536,11.5636
1327,2023-05-09 02:37:14,11.5533,11.5633
1328,2023-05-09 02:37:30,11.5534,11.5634
1329,2023-05-09 02:37:35,11.5533,11.5633
1330,2023-05-09 02:37:45,11.5534,11.5634
1331,2023-05-09 02:37:46,11.5533,11.5633
1332,2023-05-09 02:37:59,11.5534,11.5634
1333,2023-05-09 02:38:02,11.5534,11.5634
1334,2023-05-09 02:38:08,11.5533,11.5633
1335,2023-05-09 02:38:12,11.5534,11.5634
1336,2023-05-09 02:38:15,11.5533,11.5633
1337,2023-05-09 02:38:17,11.5536,11.5636
1338,2023-05-09 02:38:17,11.5535,11.5635
1339,2023-05-09 02:38:20,11.5534,11.5634
1340,2023-05-09 02:38:50,11.5535,11.5635
1341,2023-05-09 02:38:56,11.5536,11.5636
1342,2023-05-09 02:38:57,11.5535,11.5635
1343,2023-05-09 02:38:57,11.5536,11.5636
1344,2023-05-09 02:38:58,11.5535,11.5635
1345,2023-05-09 02:38:58,11.5536,11.5636
1346,2023-05-09 02:38:58,11.5535,11.5635
1347,2023-05-09 02:38:59,11.5536,11.5636
1348,2023-05-09 02:39:00,11.5535,11.5635
1349,2023-05-09 02:39:00,11.5536,11.5636
1350,2023-05-09 02:39:03,11.5535,11.5635
1351,2023-05-09 02:39:04,11.5534,11.5634
1352,2023-05-09 02:39:05,11.5535,11.5635
1353,2023-05-09 02:39:05,11.5534,11.5634
1354,2023-05-09 02:39:05,11.5536,11.5636
1355,2023-05-09 02:39:07,11.5534,11.5634
1356,2023-05-09 02:39:08,11.5535,11.5635
1357,2023-05-09 02:39:09,11.5534,11.5634
1358,2023-05-09 02:39:09,11.5535,11.5635
1359,2023-05-09 02:39:18,11.5536,11.5636
1360,2023-05-09 02:39:20,11.5535,11.5635
1361,2023-05-09 02:39:20,11.5536,11.5636
1362,2023-05-09 02:39:20,11.5535,11.5635
1363,2023-05-09 02:39:21,11.5534,11.5634
1364,2023-05-09 02:39:26,11.5535,11.5635
1365,2023-05-09 02:39:30,11.5534,11.5634
1366,2023-05-09 02:39:30,11.5536,11.5636
1367,2023-05-09 02:39:35,11.5535,11.5635
1368,2023-05-09 02:39:36,11.5536,11.5636
1369,2023-05-09 02:39:37,11.5535,11.5635
1370,2023-05-09 02:39:37,11.5534,11.5634
1371,2023-05-09 02:40:00,11.5534,11.5634
1372,2023-05-09 02:40:11,11.5533,11.5633
1373,2023-05-09 02:40:12,11.5532,11.5632
1374,2023-05-09 02:40:12,11.5533,11.5633
1375,2023-05-09 02:40:16,11.5532,11.5632
1376,2023-05-09 02:40:23,11.5533,11.5633
1377,2023-05-09 02:40:24,11.5534,11.5634
1378,2023-05-09 02:40:39,11.5533,11.5633
1379,2023-05-09 02:41:00,11.5533,11.5633
1380,2023-05-09 02:41:40,11.5533,11.5633
1381,2023-05-09 02:42:01,11.5533,11.5633
1382,2023-05-09 02:42:10,11.5532,11.5632
1383,2023-05-09 02:42:12,11.5533,11.5633
1384,2023-05-09 02:42:14,11.5532,11.5632
1385,2023-05-09 02:42:15,11.5533,11.5633
1386,2023-05-09 02:42:23,11.5532,11.5632
1387,2023-05-09 02:43:00,11.5532,11.5632
1388,2023-05-09 02:43:14,11.5533,11.5633
1389,2023-05-09 02:43:31,11.553,11.563
1390,2023-05-09 02:43:31,11.5532,11.5632
1391,2023-05-09 02:43:36,11.5533,11.5633
1392,2023-05-09 02:44:00,11.5533,11.5633
1393,2023-05-09 02:44:36,11.5533,11.5633
1394,2023-05-09 02:45:02,11.5533,11.5633
1395,2023-05-09 02:45:38,11.5533,11.5633
1396,2023-05-09 02:46:02,11.5533,11.5633
1397,2023-05-09 02:46:40,11.5533,11.5633
1398,2023-05-09 02:47:00,11.5533,11.5633
1399,2023-05-09 02:47:42,11.5533,11.5633
1400,2023-05-09 02:48:00,11.5533,11.5633
1401,2023-05-09 02:48:36,11.5536,11.5636
1402,2023-05-09 02:48:37,11.5535,11.5635
1403,2023-05-09 02:48:37,11.5534,11.5634
1404,2023-05-09 02:48:38,11.5535,11.5635
1405,2023-05-09 02:49:02,11.5535,11.5635
1406,2023-05-09 02:49:30,11.5536,11.5636
1407,2023-05-09 02:49:31,11.5535,11.5635
1408,2023-05-09 02:50:02,11.5535,11.5635
1409,2023-05-09 02:50:03,11.5536,11.5636
1410,2023-05-09 02:50:06,11.5537,11.5637
1411,2023-05-09 02:50:06,11.5536,11.5636
1412,2023-05-09 02:50:09,11.5535,11.5635
1413,2023-05-09 02:50:55,11.5536,11.5636
1414,2023-05-09 02:50:56,11.5535,11.5635
1415,2023-05-09 02:51:01,11.5535,11.5635
1416,2023-05-09 02:51:25,11.5534,11.5634
1417,2023-05-09 02:51:25,11.5535,11.5635
1418,2023-05-09 02:51:39,11.5536,11.5636
1419,2023-05-09 02:51:39,11.5537,11.5637
1420,2023-05-09 02:52:02,11.5537,11.5637
1421,2023-05-09 02:52:39,11.5537,11.5637
1422,2023-05-09 02:53:00,11.5537,11.5637
1423,2023-05-09 02:53:39,11.5538,11.5638
1424,2023-05-09 02:54:00,11.5538,11.5638
1425,2023-05-09 02:54:41,11.5538,11.5638
1426,2023-05-09 02:55:01,11.5538,11.5638
1427,2023-05-09 02:55:25,11.5537,11.5637
1428,2023-05-09 02:55:30,11.5536,11.5636
1429,2023-05-09 02:55:38,11.5538,11.5638
1430,2023-05-09 02:56:00,11.5538,11.5638
1431,2023-05-09 02:56:38,11.5538,11.5638
1432,2023-05-09 02:57:02,11.5538,11.5638
1433,2023-05-09 02:57:38,11.5538,11.5638
1434,2023-05-09 02:58:02,11.5538,11.5638
1435,2023-05-09 02:58:11,11.5537,11.5637
1436,2023-05-09 02:58:21,11.5541,11.5641
1437,2023-05-09 02:58:50,11.554,11.564
1438,2023-05-09 02:58:50,11.5539,11.5639
1439,2023-05-09 02:58:51,11.5538,11.5638
1440,2023-05-09 02:59:01,11.5538,11.5638
1441,2023-05-09 02:59:08,11.5541,11.5641
1442,2023-05-09 02:59:08,11.5539,11.5639
1443,2023-05-09 02:59:27,11.5538,11.5638
1444,2023-05-09 02:59:38,11.5539,11.5639
1445,2023-05-09 03:00:00,11.5539,11.5639
1446,2023-05-09 03:00:20,11.5538,11.5638
1447,2023-05-09 03:00:22,11.5539,11.5639
1448,2023-05-09 03:00:40,11.5538,11.5638
1449,2023-05-09 03:00:46,11.5539,11.5639
1450,2023-05-09 03:01:02,11.5539,11.5639
1451,2023-05-09 03:01:17,11.554,11.564
1452,2023-05-09 03:01:28,11.5539,11.5639
1453,2023-05-09 03:01:28,11.554,11.564
1454,2023-05-09 03:01:36,11.5539,11.5639
1455,2023-05-09 03:01:39,11.554,11.564
1456,2023-05-09 03:02:02,11.5539,11.5639
1457,2023-05-09 03:02:11,11.5543,11.5643
1458,2023-05-09 03:03:01,11.5543,11.5643
1459,2023-05-09 03:03:14,11.554,11.564
1460,2023-05-09 03:03:21,11.5539,11.5639
1461,2023-05-09 03:03:29,11.554,11.564
1462,2023-05-09 03:03:37,11.5539,11.5639
1463,2023-05-09 03:03:52,11.554,11.564
1464,2023-05-09 03:04:00,11.554,11.564
1465,2023-05-09 03:04:18,11.5539,11.5639
1466,2023-05-09 03:04:21,11.554,11.564
1467,2023-05-09 03:05:00,11.554,11.564
1468,2023-05-09 03:05:22,11.554,11.564
1469,2023-05-09 03:05:28,11.5539,11.5639
1470,2023-05-09 03:05:29,11.554,11.564
1471,2023-05-09 03:05:36,11.5539,11.5639
1472,2023-05-09 03:05:39,11.554,11.564
1473,2023-05-09 03:06:02,11.554,11.564
1474,2023-05-09 03:06:18,11.5539,11.5639
1475,2023-05-09 03:06:50,11.5542,11.5642
1476,2023-05-09 03:07:01,11.5542,11.5642
1477,2023-05-09 03:07:03,11.5541,11.5641
1478,2023-05-09 03:07:03,11.5542,11.5642
1479,2023-05-09 03:07:57,11.5541,11.5641
1480,2023-05-09 03:07:57,11.5539,11.5639
1481,2023-05-09 03:08:02,11.5539,11.5639
1482,2023-05-09 03:08:09,11.554,11.564
1483,2023-05-09 03:09:00,11.554,11.564
1484,2023-05-09 03:09:09,11.554,11.564
1485,2023-05-09 03:10:03,11.554,11.564
1486,2023-05-09 03:10:11,11.554,11.564
1487,2023-05-09 03:11:00,11.554,11.564
1488,2023-05-09 03:11:13,11.554,11.564
1489,2023-05-09 03:12:03,11.554,11.564
1490,2023-05-09 03:12:14,11.554,11.564
1491,2023-05-09 03:13:00,11.554,11.564
1492,2023-05-09 03:13:07,11.5538,11.5638
1493,2023-05-09 03:13:18,11.554,11.564
1494,2023-05-09 03:13:21,11.5539,11.5639
1495,2023-05-09 03:13:50,11.554,11.564
1496,2023-05-09 03:13:51,11.5539,11.5639
1497,2023-05-09 03:13:59,11.554,11.564
1498,2023-05-09 03:14:03,11.5539,11.5639
1499,2023-05-09 03:14:08,11.554,11.564
1500,2023-05-09 03:14:20,11.5539,11.5639
1501,2023-05-09 03:14:25,11.554,11.564
1502,2023-05-09 03:14:27,11.5539,11.5639
1503,2023-05-09 03:14:28,11.554,11.564
1504,2023-05-09 03:14:35,11.5539,11.5639
1505,2023-05-09 03:14:42,11.554,11.564
1506,2023-05-09 03:15:00,11.554,11.564
1507,2023-05-09 03:15:28,11.5539,11.5639
1508,2023-05-09 03:15:32,11.554,11.564
1509,2023-05-09 03:15:42,11.5539,11.5639
1510,2023-05-09 03:15:50,11.554,11.564
1511,2023-05-09 03:16:00,11.554,11.564
1512,2023-05-09 03:16:51,11.554,11.564
1513,2023-05-09 03:17:01,11.5545,11.5645
1514,2023-05-09 03:17:01,11.554,11.564
1515,2023-05-09 03:17:14,11.5539,11.5639
1516,2023-05-09 03:17:45,11.554,11.564
1517,2023-05-09 03:17:48,11.5539,11.5639
1518,2023-05-09 03:17:49,11.554,11.564
1519,2023-05-09 03:17:50,11.5539,11.5639
1520,2023-05-09 03:18:00,11.5539,11.5639
1521,2023-05-09 03:18:05,11.554,11.564
1522,2023-05-09 03:18:16,11.5539,11.5639
1523,2023-05-09 03:18:18,11.554,11.564
1524,2023-05-09 03:19:00,11.554,11.564
1525,2023-05-09 03:19:07,11.5541,11.5641
1526,2023-05-09 03:19:10,11.554,11.564
1527,2023-05-09 03:19:50,11.5541,11.5641
1528,2023-05-09 03:20:00,11.5541,11.5641
1529,2023-05-09 03:20:11,11.554,11.564
1530,2023-05-09 03:20:16,11.5541,11.5641
1531,2023-05-09 03:20:16,11.554,11.564
1532,2023-05-09 03:20:27,11.5541,11.5641
1533,2023-05-09 03:20:51,11.5551,11.5651
1534,2023-05-09 03:20:51,11.5542,11.5642
1535,2023-05-09 03:21:00,11.5542,11.5642
1536,2023-05-09 03:21:20,11.5541,11.5641
1537,2023-05-09 03:21:21,11.5544,11.5644
1538,2023-05-09 03:21:21,11.5542,11.5642
1539,2023-05-09 03:22:00,11.5542,11.5642
1540,2023-05-09 03:22:08,11.5543,11.5643
1541,2023-05-09 03:23:00,11.5543,11.5643
1542,2023-05-09 03:23:12,11.5543,11.5643
1543,2023-05-09 03:23:24,11.5545,11.5645
1544,2023-05-09 03:23:39,11.5546,11.5646
1545,2023-05-09 03:23:52,11.5545,11.5645
1546,2023-05-09 03:24:02,11.5545,11.5645
1547,2023-05-09 03:24:53,11.5545,11.5645
1548,2023-05-09 03:25:01,11.5545,11.5645
1549,2023-05-09 03:25:51,11.5543,11.5643
1550,2023-05-09 03:25:51,11.5544,11.5644
1551,2023-05-09 03:26:00,11.5544,11.5644
1552,2023-05-09 03:26:51,11.5544,11.5644
1553,2023-05-09 03:27:01,11.5544,11.5644
1554,2023-05-09 03:27:52,11.5544,11.5644
1555,2023-05-09 03:28:00,11.5544,11.5644
1556,2023-05-09 03:28:53,11.5544,11.5644
1557,2023-05-09 03:29:00,11.5544,11.5644
1558,2023-05-09 03:29:53,11.5544,11.5644
1559,2023-05-09 03:30:00,11.5544,11.5644
1560,2023-05-09 03:30:54,11.5544,11.5644
1561,2023-05-09 03:31:00,11.5544,11.5644
1562,2023-05-09 03:31:56,11.5544,11.5644
1563,2023-05-09 03:32:00,11.5544,11.5644
1564,2023-05-09 03:32:56,11.5544,11.5644
1565,2023-05-09 03:33:00,11.5544,11.5644
1566,2023-05-09 03:33:14,11.5546,11.5646
1567,2023-05-09 03:33:14,11.5551,11.5651
1568,2023-05-09 03:33:15,11.5552,11.5652
1569,2023-05-09 03:33:15,11.5554,11.5654
1570,2023-05-09 03:33:16,11.5557,11.5657
1571,2023-05-09 03:33:16,11.5556,11.5656
1572,2023-05-09 03:33:16,11.5557,11.5657
1573,2023-05-09 03:33:17,11.5556,11.5656
1574,2023-05-09 03:33:17,11.5557,11.5657
1575,2023-05-09 03:33:17,11.5558,11.5658
1576,2023-05-09 03:33:18,11.5562,11.5662
1577,2023-05-09 03:33:18,11.5565,11.5665
1578,2023-05-09 03:33:19,11.5567,11.5667
1579,2023-05-09 03:33:19,11.556799999999999,11.5668
1580,2023-05-09 03:33:30,11.5569,11.5669
1581,2023-05-09 03:33:30,11.5571,11.5671
1582,2023-05-09 03:33:33,11.5573,11.5673
1583,2023-05-09 03:33:33,11.5574,11.5674
1584,2023-05-09 03:33:34,11.5573,11.5673
1585,2023-05-09 03:33:35,11.557,11.567
1586,2023-05-09 03:33:36,11.5572,11.5672
1587,2023-05-09 03:33:37,11.557,11.567
1588,2023-05-09 03:33:37,11.5572,11.5672
1589,2023-05-09 03:33:37,11.557,11.567
1590,2023-05-09 03:33:38,11.5572,11.5672
1591,2023-05-09 03:33:39,11.557,11.567
1592,2023-05-09 03:34:00,11.557,11.567
1593,2023-05-09 03:34:04,11.5572,11.5672
1594,2023-05-09 03:34:05,11.5575,11.5675
1595,2023-05-09 03:34:05,11.5576,11.5676
1596,2023-05-09 03:34:05,11.5577,11.5677
1597,2023-05-09 03:34:05,11.5579,11.5679
1598,2023-05-09 03:34:06,11.5582,11.568200000000001
1599,2023-05-09 03:34:06,11.5581,11.5681
1600,2023-05-09 03:34:06,11.558,11.568
1601,2023-05-09 03:34:09,11.5583,11.5683
1602,2023-05-09 03:34:14,11.5581,11.5681
1603,2023-05-09 03:34:15,11.5583,11.5683
1604,2023-05-09 03:34:16,11.5581,11.5681
1605,2023-05-09 03:34:17,11.5583,11.5683
1606,2023-05-09 03:34:17,11.5581,11.5681
1607,2023-05-09 03:34:33,11.5582,11.568200000000001
1608,2023-05-09 03:34:34,11.5584,11.5684
1609,2023-05-09 03:34:34,11.5583,11.5683
1610,2023-05-09 03:34:35,11.5584,11.5684
1611,2023-05-09 03:34:35,11.5582,11.568200000000001
1612,2023-05-09 03:35:00,11.5582,11.568200000000001
1613,2023-05-09 03:35:38,11.5581,11.5681
1614,2023-05-09 03:35:41,11.5582,11.568200000000001
1615,2023-05-09 03:35:43,11.5581,11.5681
1616,2023-05-09 03:35:43,11.5582,11.568200000000001
1617,2023-05-09 03:36:01,11.5582,11.568200000000001
1618,2023-05-09 03:36:44,11.5582,11.568200000000001
1619,2023-05-09 03:36:47,11.5585,11.5685
1620,2023-05-09 03:36:48,11.5584,11.5684
1621,2023-05-09 03:36:48,11.5585,11.5685
1622,2023-05-09 03:36:50,11.558,11.568
1623,2023-05-09 03:36:50,11.5578,11.5678
1624,2023-05-09 03:36:52,11.5579,11.5679
1625,2023-05-09 03:36:53,11.5578,11.5678
1626,2023-05-09 03:36:53,11.5579,11.5679
1627,2023-05-09 03:37:04,11.5579,11.5679
1628,2023-05-09 03:37:39,11.5587,11.5687
1629,2023-05-09 03:37:50,11.5579,11.5679
1630,2023-05-09 03:37:51,11.5577,11.5677
1631,2023-05-09 03:38:00,11.5577,11.5677
1632,2023-05-09 03:38:09,11.5578,11.5678
1633,2023-05-09 03:38:12,11.5577,11.5677
1634,2023-05-09 03:38:12,11.5578,11.5678
1635,2023-05-09 03:38:24,11.5577,11.5677
1636,2023-05-09 03:38:25,11.5576,11.5676
1637,2023-05-09 03:39:00,11.5576,11.5676
1638,2023-05-09 03:39:27,11.5576,11.5676
1639,2023-05-09 03:39:57,11.5575,11.5675
1640,2023-05-09 03:40:01,11.5575,11.5675
1641,2023-05-09 03:40:53,11.5576,11.5676
1642,2023-05-09 03:40:59,11.5582,11.568200000000001
1643,2023-05-09 03:41:00,11.5582,11.568200000000001
1644,2023-05-09 03:41:04,11.5576,11.5676
1645,2023-05-09 03:41:18,11.5575,11.5675
1646,2023-05-09 03:41:30,11.5576,11.5676
1647,2023-05-09 03:41:32,11.5575,11.5675
1648,2023-05-09 03:41:41,11.5576,11.5676
1649,2023-05-09 03:42:01,11.5575,11.5675
1650,2023-05-09 03:42:29,11.5573,11.5673
1651,2023-05-09 03:43:01,11.5573,11.5673
1652,2023-05-09 03:43:28,11.5571,11.5671
1653,2023-05-09 03:43:31,11.5572,11.5672
1654,2023-05-09 03:44:00,11.5572,11.5672
1655,2023-05-09 03:44:32,11.5572,11.5672
1656,2023-05-09 03:44:44,11.5573,11.5673
1657,2023-05-09 03:44:45,11.557,11.567
1658,2023-05-09 03:45:03,11.557,11.567
1659,2023-05-09 03:45:28,11.5571,11.5671
1660,2023-05-09 03:46:01,11.5571,11.5671
1661,2023-05-09 03:46:29,11.5571,11.5671
1662,2023-05-09 03:46:32,11.5572,11.5672
1663,2023-05-09 03:46:33,11.5571,11.5671
1664,2023-05-09 03:47:00,11.5571,11.5671
1665,2023-05-09 03:47:03,11.5572,11.5672
1666,2023-05-09 03:47:08,11.5571,11.5671
1667,2023-05-09 03:47:18,11.5572,11.5672
1668,2023-05-09 03:47:22,11.5573,11.5673
1669,2023-05-09 03:47:26,11.5574,11.5674
1670,2023-05-09 03:47:31,11.5573,11.5673
1671,2023-05-09 03:48:00,11.5573,11.5673
1672,2023-05-09 03:48:18,11.5574,11.5674
1673,2023-05-09 03:48:38,11.5573,11.5673
1674,2023-05-09 03:48:48,11.5574,11.5674
1675,2023-05-09 03:49:00,11.5574,11.5674
1676,2023-05-09 03:49:04,11.5573,11.5673
1677,2023-05-09 03:49:04,11.5571,11.5671
1678,2023-05-09 03:49:05,11.5572,11.5672
1679,2023-05-09 03:49:13,11.5571,11.5671
1680,2023-05-09 03:50:00,11.5571,11.5671
1681,2023-05-09 03:50:14,11.5571,11.5671
1682,2023-05-09 03:50:49,11.5572,11.5672
1683,2023-05-09 03:51:03,11.5572,11.5672
1684,2023-05-09 03:51:50,11.5572,11.5672
1685,2023-05-09 03:52:00,11.5572,11.5672
1686,2023-05-09 03:52:08,11.5574,11.5674
1687,2023-05-09 03:52:24,11.5572,11.5672
1688,2023-05-09 03:53:00,11.5572,11.5672
1689,2023-05-09 03:53:03,11.5573,11.5673
1690,2023-05-09 03:53:05,11.5574,11.5674
1691,2023-05-09 03:53:06,11.5573,11.5673
1692,2023-05-09 03:53:07,11.5574,11.5674
1693,2023-05-09 03:53:07,11.5573,11.5673
1694,2023-05-09 03:53:07,11.5574,11.5674
1695,2023-05-09 03:53:08,11.5573,11.5673
1696,2023-05-09 03:53:08,11.5574,11.5674
1697,2023-05-09 03:53:12,11.5573,11.5673
1698,2023-05-09 03:53:36,11.5574,11.5674
1699,2023-05-09 03:53:39,11.5573,11.5673
1700,2023-05-09 03:54:01,11.5573,11.5673
1701,2023-05-09 03:54:05,11.5574,11.5674
1702,2023-05-09 03:54:20,11.5573,11.5673
1703,2023-05-09 03:54:22,11.5572,11.5672
1704,2023-05-09 03:54:22,11.5573,11.5673
1705,2023-05-09 03:55:00,11.5573,11.5673
1706,2023-05-09 03:55:23,11.5573,11.5673
1707,2023-05-09 03:56:00,11.5573,11.5673
1708,2023-05-09 03:56:21,11.5574,11.5674
1709,2023-05-09 03:56:27,11.5573,11.5673
1710,2023-05-09 03:56:47,11.5572,11.5672
1711,2023-05-09 03:57:00,11.5572,11.5672
1712,2023-05-09 03:57:00,11.5573,11.5673
1713,2023-05-09 03:57:30,11.5572,11.5672
1714,2023-05-09 03:57:32,11.5573,11.5673
1715,2023-05-09 03:58:00,11.5573,11.5673
1716,2023-05-09 03:58:32,11.5573,11.5673
1717,2023-05-09 03:59:00,11.5573,11.5673
1718,2023-05-09 03:59:32,11.5573,11.5673
1719,2023-05-09 04:00:00,11.5573,11.5673
1720,2023-05-09 04:00:03,11.5572,11.5672
1721,2023-05-09 04:01:00,11.5572,11.5672
1722,2023-05-09 04:01:03,11.5571,11.5671
1723,2023-05-09 04:02:03,11.5571,11.5671
1724,2023-05-09 04:02:21,11.5578,11.5678
1725,2023-05-09 04:02:26,11.5577,11.5677
1726,2023-05-09 04:02:32,11.5578,11.5678
1727,2023-05-09 04:02:33,11.557,11.567
1728,2023-05-09 04:02:33,11.5571,11.5671
1729,2023-05-09 04:02:50,11.5572,11.5672
1730,2023-05-09 04:03:00,11.5572,11.5672
1731,2023-05-09 04:03:50,11.5572,11.5672
1732,2023-05-09 04:04:03,11.5572,11.5672
1733,2023-05-09 04:04:50,11.5572,11.5672
1734,2023-05-09 04:05:00,11.5572,11.5672
1735,2023-05-09 04:05:29,11.557,11.567
1736,2023-05-09 04:05:29,11.5571,11.5671
1737,2023-05-09 04:05:44,11.5572,11.5672
1738,2023-05-09 04:05:52,11.5571,11.5671
1739,2023-05-09 04:06:00,11.5571,11.5671
1740,2023-05-09 04:06:08,11.556799999999999,11.5668
1741,2023-05-09 04:06:10,11.5566,11.5666
1742,2023-05-09 04:06:11,11.5561,11.5661
1743,2023-05-09 04:06:11,11.5566,11.5666
1744,2023-05-09 04:06:11,11.5561,11.5661
1745,2023-05-09 04:06:11,11.5556,11.5656
1746,2023-05-09 04:06:12,11.5552,11.5652
1747,2023-05-09 04:06:12,11.5549,11.5649
1748,2023-05-09 04:06:14,11.5546,11.5646
1749,2023-05-09 04:06:14,11.5544,11.5644
1750,2023-05-09 04:06:14,11.5534,11.5634
1751,2023-05-09 04:06:15,11.5535,11.5635
1752,2023-05-09 04:06:16,11.5532,11.5632
1753,2023-05-09 04:06:18,11.5531,11.5631
1754,2023-05-09 04:06:22,11.5532,11.5632
1755,2023-05-09 04:06:26,11.5531,11.5631
1756,2023-05-09 04:06:41,11.5527,11.5627
1757,2023-05-09 04:06:41,11.5528,11.5628
1758,2023-05-09 04:06:43,11.553,11.563
1759,2023-05-09 04:06:53,11.5529,11.562899999999999
1760,2023-05-09 04:07:00,11.5529,11.562899999999999
1761,2023-05-09 04:07:23,11.5528,11.5628
1762,2023-05-09 04:07:23,11.5529,11.562899999999999
1763,2023-05-09 04:07:24,11.5526,11.5626
1764,2023-05-09 04:07:24,11.5525,11.5625
1765,2023-05-09 04:07:44,11.5523,11.5623
1766,2023-05-09 04:08:03,11.5523,11.5623
1767,2023-05-09 04:08:28,11.5524,11.5624
1768,2023-05-09 04:08:29,11.5526,11.5626
1769,2023-05-09 04:08:29,11.5525,11.5625
1770,2023-05-09 04:08:29,11.5523,11.5623
1771,2023-05-09 04:08:34,11.5522,11.5622
1772,2023-05-09 04:08:38,11.5524,11.5624
1773,2023-05-09 04:09:02,11.5524,11.5624
1774,2023-05-09 04:09:13,11.5523,11.5623
1775,2023-05-09 04:09:14,11.5522,11.5622
1776,2023-05-09 04:09:15,11.5517,11.5617
1777,2023-05-09 04:09:15,11.5516,11.5616
1778,2023-05-09 04:09:15,11.5515,11.5615
1779,2023-05-09 04:09:16,11.5516,11.5616
1780,2023-05-09 04:09:25,11.5515,11.5615
1781,2023-05-09 04:09:26,11.5516,11.5616
1782,2023-05-09 04:09:26,11.5515,11.5615
1783,2023-05-09 04:09:43,11.5512,11.5612
1784,2023-05-09 04:09:44,11.5514,11.5614
1785,2023-05-09 04:09:45,11.5513,11.5613
1786,2023-05-09 04:09:46,11.5515,11.5615
1787,2023-05-09 04:09:47,11.5513,11.5613
1788,2023-05-09 04:09:48,11.5514,11.5614
1789,2023-05-09 04:09:48,11.5516,11.5616
1790,2023-05-09 04:09:49,11.5514,11.5614
1791,2023-05-09 04:09:49,11.5516,11.5616
1792,2023-05-09 04:09:50,11.5514,11.5614
1793,2023-05-09 04:09:50,11.5513,11.5613
1794,2023-05-09 04:10:00,11.5512,11.5612
1795,2023-05-09 04:10:00,11.5514,11.5614
1796,2023-05-09 04:10:01,11.5512,11.5612
1797,2023-05-09 04:10:02,11.5513,11.5613
1798,2023-05-09 04:10:03,11.5512,11.5612
1799,2023-05-09 04:10:04,11.5513,11.5613
1800,2023-05-09 04:10:14,11.5516,11.5616
1801,2023-05-09 04:10:14,11.5514,11.5614
1802,2023-05-09 04:10:20,11.5513,11.5613
1803,2023-05-09 04:10:22,11.5515,11.5615
1804,2023-05-09 04:10:23,11.5513,11.5613
1805,2023-05-09 04:10:35,11.5515,11.5615
1806,2023-05-09 04:10:35,11.5513,11.5613
1807,2023-05-09 04:10:37,11.5515,11.5615
1808,2023-05-09 04:10:38,11.5513,11.5613
1809,2023-05-09 04:10:38,11.5515,11.5615
1810,2023-05-09 04:10:43,11.5513,11.5613
1811,2023-05-09 04:10:44,11.5512,11.5612
1812,2023-05-09 04:10:44,11.5515,11.5615
1813,2023-05-09 04:10:45,11.5512,11.5612
1814,2023-05-09 04:10:45,11.5515,11.5615
1815,2023-05-09 04:10:45,11.5513,11.5613
1816,2023-05-09 04:10:50,11.5514,11.5614
1817,2023-05-09 04:10:50,11.5512,11.5612
1818,2023-05-09 04:10:50,11.5513,11.5613
1819,2023-05-09 04:10:51,11.5515,11.5615
1820,2023-05-09 04:10:53,11.5516,11.5616
1821,2023-05-09 04:11:00,11.5516,11.5616
1822,2023-05-09 04:11:01,11.5515,11.5615
1823,2023-05-09 04:11:02,11.5517,11.5617
1824,2023-05-09 04:11:08,11.5514,11.5614
1825,2023-05-09 04:11:08,11.5516,11.5616
1826,2023-05-09 04:11:20,11.5514,11.5614
1827,2023-05-09 04:11:35,11.5516,11.5616
1828,2023-05-09 04:11:57,11.5515,11.5615
1829,2023-05-09 04:12:00,11.5515,11.5615
1830,2023-05-09 04:12:56,11.5514,11.5614
1831,2023-05-09 04:12:56,11.5516,11.5616
1832,2023-05-09 04:12:57,11.5514,11.5614
1833,2023-05-09 04:12:57,11.5515,11.5615
1834,2023-05-09 04:13:00,11.5515,11.5615
1835,2023-05-09 04:13:06,11.5513,11.5613
1836,2023-05-09 04:13:06,11.5516,11.5616
1837,2023-05-09 04:14:02,11.5516,11.5616
1838,2023-05-09 04:14:06,11.5516,11.5616
1839,2023-05-09 04:15:01,11.5516,11.5616
1840,2023-05-09 04:15:06,11.5516,11.5616
1841,2023-05-09 04:16:00,11.5516,11.5616
1842,2023-05-09 04:16:08,11.5516,11.5616
1843,2023-05-09 04:17:00,11.5516,11.5616
1844,2023-05-09 04:17:09,11.5516,11.5616
1845,2023-05-09 04:18:00,11.5516,11.5616
1846,2023-05-09 04:18:09,11.5516,11.5616
1847,2023-05-09 04:19:01,11.5516,11.5616
1848,2023-05-09 04:19:06,11.5517,11.5617
1849,2023-05-09 04:19:06,11.5518,11.5618
1850,2023-05-09 04:19:09,11.5521,11.562100000000001
1851,2023-05-09 04:20:00,11.5521,11.562100000000001
1852,2023-05-09 04:20:10,11.5521,11.562100000000001
1853,2023-05-09 04:21:00,11.5521,11.562100000000001
1854,2023-05-09 04:21:11,11.5521,11.562100000000001
1855,2023-05-09 04:21:16,11.552,11.562
1856,2023-05-09 04:21:16,11.5521,11.562100000000001
1857,2023-05-09 04:21:35,11.552,11.562
1858,2023-05-09 04:21:36,11.5521,11.562100000000001
1859,2023-05-09 04:21:48,11.5519,11.5619
1860,2023-05-09 04:21:49,11.5521,11.562100000000001
1861,2023-05-09 04:21:49,11.5522,11.5622
1862,2023-05-09 04:22:00,11.5522,11.5622
1863,2023-05-09 04:22:52,11.5522,11.5622
1864,2023-05-09 04:23:02,11.5522,11.5622
1865,2023-05-09 04:23:03,11.5519,11.5619
1866,2023-05-09 04:23:15,11.552,11.562
1867,2023-05-09 04:24:00,11.552,11.562
1868,2023-05-09 04:24:16,11.552,11.562
1869,2023-05-09 04:25:00,11.552,11.562
1870,2023-05-09 04:25:16,11.552,11.562
1871,2023-05-09 04:25:19,11.5523,11.5623
1872,2023-05-09 04:26:00,11.5523,11.5623
1873,2023-05-09 04:26:20,11.5523,11.5623
1874,2023-05-09 04:26:41,11.5528,11.5628
1875,2023-05-09 04:27:02,11.5528,11.5628
1876,2023-05-09 04:27:15,11.5523,11.5623
1877,2023-05-09 04:28:03,11.5523,11.5623
1878,2023-05-09 04:28:06,11.553,11.563
1879,2023-05-09 04:28:09,11.5528,11.5628
1880,2023-05-09 04:28:19,11.553,11.563
1881,2023-05-09 04:28:23,11.5528,11.5628
1882,2023-05-09 04:28:30,11.553,11.563
1883,2023-05-09 04:28:30,11.5529,11.562899999999999
1884,2023-05-09 04:28:51,11.553,11.563
1885,2023-05-09 04:28:53,11.5523,11.5623
1886,2023-05-09 04:29:00,11.5523,11.5623
1887,2023-05-09 04:29:33,11.553,11.563
1888,2023-05-09 04:29:42,11.5529,11.562899999999999
1889,2023-05-09 04:30:00,11.5523,11.5623
1890,2023-05-09 04:31:00,11.5523,11.5623
1891,2023-05-09 04:31:03,11.5523,11.5623
1892,2023-05-09 04:31:30,11.553,11.563
1893,2023-05-09 04:31:30,11.5524,11.5624
1894,2023-05-09 04:32:00,11.5524,11.5624
1895,2023-05-09 04:32:24,11.5526,11.5626
1896,2023-05-09 04:32:24,11.5525,11.5625
1897,2023-05-09 04:33:03,11.5525,11.5625
1898,2023-05-09 04:33:27,11.5525,11.5625
1899,2023-05-09 04:33:44,11.5527,11.5627
1900,2023-05-09 04:33:59,11.5531,11.5631
1901,2023-05-09 04:33:59,11.5529,11.562899999999999
1902,2023-05-09 04:34:01,11.5529,11.562899999999999
1903,2023-05-09 04:34:21,11.5527,11.5627
1904,2023-05-09 04:34:48,11.5528,11.5628
1905,2023-05-09 04:34:51,11.5526,11.5626
1906,2023-05-09 04:34:55,11.5527,11.5627
1907,2023-05-09 04:34:56,11.5526,11.5626
1908,2023-05-09 04:34:56,11.5529,11.562899999999999
1909,2023-05-09 04:35:00,11.5529,11.562899999999999
1910,2023-05-09 04:35:01,11.5528,11.5628
1911,2023-05-09 04:36:01,11.5528,11.5628
1912,2023-05-09 04:36:01,11.5528,11.5628
1913,2023-05-09 04:36:24,11.5526,11.5626
1914,2023-05-09 04:36:24,11.5527,11.5627
1915,2023-05-09 04:36:53,11.5528,11.5628
1916,2023-05-09 04:37:00,11.5528,11.5628
1917,2023-05-09 04:37:37,11.5529,11.562899999999999
1918,2023-05-09 04:37:37,11.5528,11.5628
1919,2023-05-09 04:37:43,11.5527,11.5627
1920,2023-05-09 04:37:54,11.5528,11.5628
1921,2023-05-09 04:38:00,11.5528,11.5628
1922,2023-05-09 04:38:51,11.5529,11.562899999999999
1923,2023-05-09 04:39:01,11.5529,11.562899999999999
1924,2023-05-09 04:39:33,11.5528,11.5628
1925,2023-05-09 04:39:37,11.5529,11.562899999999999
1926,2023-05-09 04:40:00,11.5529,11.562899999999999
1927,2023-05-09 04:40:25,11.553,11.563
1928,2023-05-09 04:40:48,11.5529,11.562899999999999
1929,2023-05-09 04:41:00,11.5529,11.562899999999999
1930,2023-05-09 04:41:06,11.5537,11.5637
1931,2023-05-09 04:41:12,11.5536,11.5636
1932,2023-05-09 04:41:14,11.5537,11.5637
1933,2023-05-09 04:41:17,11.5539,11.5639
1934,2023-05-09 04:41:31,11.554,11.564
1935,2023-05-09 04:42:00,11.554,11.564
1936,2023-05-09 04:42:06,11.5539,11.5639
1937,2023-05-09 04:42:25,11.553,11.563
1938,2023-05-09 04:42:55,11.5529,11.562899999999999
1939,2023-05-09 04:42:56,11.553,11.563
1940,2023-05-09 04:42:59,11.5531,11.5631
1941,2023-05-09 04:43:01,11.5531,11.5631
1942,2023-05-09 04:43:34,11.5536,11.5636
1943,2023-05-09 04:43:34,11.5532,11.5632
1944,2023-05-09 04:43:59,11.5531,11.5631
1945,2023-05-09 04:44:01,11.5531,11.5631
1946,2023-05-09 04:44:28,11.5532,11.5632
1947,2023-05-09 04:44:30,11.553,11.563
1948,2023-05-09 04:44:31,11.5532,11.5632
1949,2023-05-09 04:44:31,11.553,11.563
1950,2023-05-09 04:44:32,11.5531,11.5631
1951,2023-05-09 04:45:00,11.5531,11.5631
1952,2023-05-09 04:45:35,11.5531,11.5631
1953,2023-05-09 04:46:01,11.5531,11.5631
1954,2023-05-09 04:46:18,11.5538,11.5638
1955,2023-05-09 04:46:20,11.5539,11.5639
1956,2023-05-09 04:46:20,11.5531,11.5631
1957,2023-05-09 04:46:35,11.5532,11.5632
1958,2023-05-09 04:46:35,11.5531,11.5631
1959,2023-05-09 04:46:56,11.553,11.563
1960,2023-05-09 04:47:02,11.553,11.563
1961,2023-05-09 04:47:21,11.5532,11.5632
1962,2023-05-09 04:47:24,11.5531,11.5631
1963,2023-05-09 04:47:26,11.5532,11.5632
1964,2023-05-09 04:47:47,11.5531,11.5631
1965,2023-05-09 04:47:49,11.5532,11.5632
1966,2023-05-09 04:47:58,11.5531,11.5631
1967,2023-05-09 04:48:00,11.5531,11.5631
1968,2023-05-09 04:48:03,11.5532,11.5632
1969,2023-05-09 04:48:04,11.5531,11.5631
1970,2023-05-09 04:48:34,11.553,11.563
1971,2023-05-09 04:48:38,11.5529,11.562899999999999
1972,2023-05-09 04:48:48,11.5531,11.5631
1973,2023-05-09 04:49:00,11.5531,11.5631
1974,2023-05-09 04:49:11,11.5542,11.5642
1975,2023-05-09 04:49:11,11.5532,11.5632
1976,2023-05-09 04:49:29,11.5531,11.5631
1977,2023-05-09 04:50:00,11.5531,11.5631
1978,2023-05-09 04:50:30,11.5531,11.5631
1979,2023-05-09 04:51:01,11.5531,11.5631
1980,2023-05-09 04:51:32,11.5531,11.5631
1981,2023-05-09 04:52:03,11.5531,11.5631
1982,2023-05-09 04:52:25,11.553,11.563
1983,2023-05-09 04:52:43,11.5531,11.5631
1984,2023-05-09 04:53:02,11.5531,11.5631
1985,2023-05-09 04:53:33,11.5532,11.5632
1986,2023-05-09 04:53:46,11.5531,11.5631
1987,2023-05-09 04:54:03,11.5531,11.5631
1988,2023-05-09 04:54:46,11.5531,11.5631
1989,2023-05-09 04:55:01,11.5531,11.5631
1990,2023-05-09 04:55:16,11.5533,11.5633
1991,2023-05-09 04:55:18,11.5532,11.5632
1992,2023-05-09 04:55:19,11.5533,11.5633
1993,2023-05-09 04:55:20,11.5532,11.5632
1994,2023-05-09 04:56:01,11.5532,11.5632
1995,2023-05-09 04:56:17,11.5533,11.5633
1996,2023-05-09 04:56:17,11.5532,11.5632
1997,2023-05-09 04:56:26,11.5531,11.5631
1998,2023-05-09 04:56:26,11.5532,11.5632
1999,2023-05-09 04:56:29,11.5531,11.5631
2000,2023-05-09 04:56:34,11.5532,11.5632
2001,2023-05-09 04:57:00,11.5531,11.5631
2002,2023-05-09 04:57:16,11.5532,11.5632
2003,2023-05-09 04:57:17,11.5531,11.5631
2004,2023-05-09 04:57:22,11.5532,11.5632
2005,2023-05-09 04:57:22,11.5531,11.5631
2006,2023-05-09 04:57:23,11.5532,11.5632
2007,2023-05-09 04:57:31,11.5531,11.5631
2008,2023-05-09 04:58:01,11.5531,11.5631
2009,2023-05-09 04:58:05,11.5532,11.5632
2010,2023-05-09 04:58:05,11.5533,11.5633
2011,2023-05-09 04:58:08,11.5532,11.5632
2012,2023-05-09 04:58:27,11.5533,11.5633
2013,2023-05-09 04:58:27,11.5532,11.5632
2014,2023-05-09 04:58:47,11.5533,11.5633
2015,2023-05-09 04:59:03,11.5533,11.5633
2016,2023-05-09 04:59:50,11.5533,11.5633
2017,2023-05-09 04:59:53,11.5532,11.5632
2018,2023-05-09 04:59:54,11.5533,11.5633
2019,2023-05-09 04:59:57,11.5534,11.5634
2020,2023-05-09 04:59:58,11.5533,11.5633
2021,2023-05-09 05:00:00,11.5533,11.5633
2022,2023-05-09 05:00:01,11.5534,11.5634
2023,2023-05-09 05:00:02,11.5532,11.5632
2024,2023-05-09 05:00:02,11.5533,11.5633
2025,2023-05-09 05:00:04,11.5531,11.5631
2026,2023-05-09 05:00:10,11.5533,11.5633
2027,2023-05-09 05:00:11,11.5532,11.5632
2028,2023-05-09 05:00:13,11.5531,11.5631
2029,2023-05-09 05:00:17,11.5532,11.5632
2030,2023-05-09 05:00:18,11.5534,11.5634
2031,2023-05-09 05:00:18,11.5531,11.5631
2032,2023-05-09 05:00:30,11.5532,11.5632
2033,2023-05-09 05:00:33,11.5534,11.5634
2034,2023-05-09 05:00:33,11.5531,11.5631
2035,2023-05-09 05:00:38,11.5532,11.5632
2036,2023-05-09 05:00:38,11.5531,11.5631
2037,2023-05-09 05:00:41,11.5532,11.5632
2038,2023-05-09 05:00:46,11.5531,11.5631
2039,2023-05-09 05:00:49,11.553,11.563
2040,2023-05-09 05:01:01,11.553,11.563
2041,2023-05-09 05:01:02,11.5531,11.5631
2042,2023-05-09 05:01:02,11.553,11.563
2043,2023-05-09 05:01:03,11.5534,11.5634
2044,2023-05-09 05:01:06,11.5531,11.5631
2045,2023-05-09 05:01:06,11.5532,11.5632
2046,2023-05-09 05:01:06,11.5534,11.5634
2047,2023-05-09 05:01:07,11.5531,11.5631
2048,2023-05-09 05:01:11,11.553,11.563
2049,2023-05-09 05:01:44,11.5532,11.5632
2050,2023-05-09 05:01:45,11.5534,11.5634
2051,2023-05-09 05:01:45,11.5533,11.5633
2052,2023-05-09 05:01:46,11.553,11.563
2053,2023-05-09 05:01:46,11.5531,11.5631
2054,2023-05-09 05:02:01,11.5531,11.5631
2055,2023-05-09 05:02:01,11.5532,11.5632
2056,2023-05-09 05:02:21,11.5531,11.5631
2057,2023-05-09 05:02:30,11.5535,11.5635
2058,2023-05-09 05:03:01,11.5535,11.5635
2059,2023-05-09 05:03:07,11.5532,11.5632
2060,2023-05-09 05:03:43,11.5533,11.5633
2061,2023-05-09 05:03:57,11.5534,11.5634
2062,2023-05-09 05:03:57,11.5533,11.5633
2063,2023-05-09 05:03:57,11.5534,11.5634
2064,2023-05-09 05:04:00,11.5534,11.5634
2065,2023-05-09 05:04:41,11.5538,11.5638
2066,2023-05-09 05:04:45,11.5537,11.5637
2067,2023-05-09 05:04:52,11.5532,11.5632
2068,2023-05-09 05:04:55,11.5534,11.5634
2069,2023-05-09 05:05:05,11.5534,11.5634
2070,2023-05-09 05:05:22,11.5532,11.5632
2071,2023-05-09 05:05:23,11.5533,11.5633
2072,2023-05-09 05:05:26,11.5534,11.5634
2073,2023-05-09 05:05:29,11.5536,11.5636
2074,2023-05-09 05:05:30,11.5537,11.5637
2075,2023-05-09 05:05:42,11.5538,11.5638
2076,2023-05-09 05:06:03,11.5538,11.5638
2077,2023-05-09 05:06:06,11.5537,11.5637
2078,2023-05-09 05:06:36,11.5536,11.5636
2079,2023-05-09 05:06:36,11.5535,11.5635
2080,2023-05-09 05:06:37,11.5537,11.5637
2081,2023-05-09 05:06:40,11.5535,11.5635
2082,2023-05-09 05:07:03,11.5535,11.5635
2083,2023-05-09 05:07:42,11.5535,11.5635
2084,2023-05-09 05:08:03,11.5535,11.5635
2085,2023-05-09 05:08:34,11.5536,11.5636
2086,2023-05-09 05:08:35,11.5535,11.5635
2087,2023-05-09 05:08:37,11.5536,11.5636
2088,2023-05-09 05:08:52,11.5537,11.5637
2089,2023-05-09 05:09:00,11.5537,11.5637
2090,2023-05-09 05:09:00,11.5536,11.5636
2091,2023-05-09 05:09:00,11.5537,11.5637
2092,2023-05-09 05:09:02,11.5538,11.5638
2093,2023-05-09 05:09:25,11.5537,11.5637
2094,2023-05-09 05:09:25,11.5539,11.5639
2095,2023-05-09 05:09:40,11.554,11.564
2096,2023-05-09 05:09:47,11.5541,11.5641
2097,2023-05-09 05:09:51,11.554,11.564
2098,2023-05-09 05:09:57,11.5541,11.5641
2099,2023-05-09 05:10:00,11.5541,11.5641
2100,2023-05-09 05:10:14,11.5539,11.5639
2101,2023-05-09 05:10:48,11.554,11.564
2102,2023-05-09 05:10:49,11.5541,11.5641
2103,2023-05-09 05:11:00,11.5541,11.5641
2104,2023-05-09 05:11:07,11.5542,11.5642
2105,2023-05-09 05:11:35,11.554,11.564
2106,2023-05-09 05:11:35,11.5542,11.5642
2107,2023-05-09 05:11:55,11.554,11.564
2108,2023-05-09 05:11:55,11.5542,11.5642
2109,2023-05-09 05:12:00,11.5542,11.5642
2110,2023-05-09 05:12:59,11.5542,11.5642
2111,2023-05-09 05:13:00,11.5542,11.5642
2112,2023-05-09 05:14:00,11.5542,11.5642
2113,2023-05-09 05:14:24,11.5541,11.5641
2114,2023-05-09 05:14:26,11.5542,11.5642
2115,2023-05-09 05:15:00,11.5542,11.5642
2116,2023-05-09 05:15:14,11.5541,11.5641
2117,2023-05-09 05:15:30,11.5539,11.5639
2118,2023-05-09 05:15:37,11.554,11.564
2119,2023-05-09 05:16:01,11.554,11.564
2120,2023-05-09 05:16:04,11.5541,11.5641
2121,2023-05-09 05:16:24,11.5539,11.5639
2122,2023-05-09 05:16:24,11.5541,11.5641
2123,2023-05-09 05:16:24,11.554,11.564
2124,2023-05-09 05:16:30,11.5539,11.5639
2125,2023-05-09 05:16:40,11.5538,11.5638
2126,2023-05-09 05:16:51,11.5537,11.5637
2127,2023-05-09 05:16:59,11.5536,11.5636
2128,2023-05-09 05:17:00,11.5537,11.5637
2129,2023-05-09 05:17:00,11.5536,11.5636
2130,2023-05-09 05:17:04,11.5537,11.5637
2131,2023-05-09 05:17:07,11.5536,11.5636
2132,2023-05-09 05:17:10,11.554,11.564
2133,2023-05-09 05:17:12,11.5539,11.5639
2134,2023-05-09 05:17:32,11.5538,11.5638
2135,2023-05-09 05:18:00,11.5538,11.5638
2136,2023-05-09 05:18:11,11.554,11.564
2137,2023-05-09 05:18:12,11.5538,11.5638
2138,2023-05-09 05:18:13,11.5537,11.5637
2139,2023-05-09 05:18:18,11.5539,11.5639
2140,2023-05-09 05:18:19,11.5537,11.5637
2141,2023-05-09 05:18:19,11.554,11.564
2142,2023-05-09 05:18:20,11.5537,11.5637
2143,2023-05-09 05:18:25,11.5536,11.5636
2144,2023-05-09 05:18:47,11.554,11.564
2145,2023-05-09 05:18:47,11.5536,11.5636
2146,2023-05-09 05:18:49,11.5538,11.5638
2147,2023-05-09 05:18:49,11.5536,11.5636
2148,2023-05-09 05:18:50,11.554,11.564
2149,2023-05-09 05:18:51,11.5536,11.5636
2150,2023-05-09 05:19:01,11.5536,11.5636
2151,2023-05-09 05:19:18,11.5538,11.5638
2152,2023-05-09 05:19:18,11.5536,11.5636
2153,2023-05-09 05:19:31,11.5535,11.5635
2154,2023-05-09 05:19:34,11.5537,11.5637
2155,2023-05-09 05:19:34,11.5536,11.5636
2156,2023-05-09 05:19:34,11.5538,11.5638
2157,2023-05-09 05:19:34,11.5536,11.5636
2158,2023-05-09 05:19:35,11.5535,11.5635
2159,2023-05-09 05:19:43,11.5534,11.5634
2160,2023-05-09 05:19:50,11.5537,11.5637
2161,2023-05-09 05:19:50,11.5536,11.5636
2162,2023-05-09 05:19:50,11.5535,11.5635
2163,2023-05-09 05:19:50,11.5536,11.5636
2164,2023-05-09 05:19:51,11.5535,11.5635
2165,2023-05-09 05:19:55,11.5538,11.5638
2166,2023-05-09 05:20:00,11.5538,11.5638
2167,2023-05-09 05:20:03,11.5537,11.5637
2168,2023-05-09 05:20:03,11.5538,11.5638
2169,2023-05-09 05:20:04,11.5537,11.5637
2170,2023-05-09 05:20:11,11.5538,11.5638
2171,2023-05-09 05:20:34,11.5537,11.5637
2172,2023-05-09 05:21:00,11.5537,11.5637
2173,2023-05-09 05:21:34,11.5537,11.5637
2174,2023-05-09 05:22:03,11.5537,11.5637
2175,2023-05-09 05:22:14,11.5536,11.5636
2176,2023-05-09 05:22:53,11.5535,11.5635
2177,2023-05-09 05:23:02,11.5535,11.5635
2178,2023-05-09 05:23:06,11.5536,11.5636
2179,2023-05-09 05:23:22,11.5537,11.5637
2180,2023-05-09 05:23:33,11.5538,11.5638
2181,2023-05-09 05:23:33,11.5537,11.5637
2182,2023-05-09 05:24:00,11.5537,11.5637
2183,2023-05-09 05:24:06,11.554,11.564
2184,2023-05-09 05:24:08,11.5539,11.5639
2185,2023-05-09 05:24:27,11.5538,11.5638
2186,2023-05-09 05:24:31,11.5539,11.5639
2187,2023-05-09 05:25:00,11.5539,11.5639
2188,2023-05-09 05:25:01,11.5538,11.5638
2189,2023-05-09 05:25:01,11.5539,11.5639
2190,2023-05-09 05:25:20,11.5538,11.5638
2191,2023-05-09 05:25:21,11.554,11.564
2192,2023-05-09 05:25:21,11.5538,11.5638
2193,2023-05-09 05:25:23,11.5537,11.5637
2194,2023-05-09 05:25:42,11.554,11.564
2195,2023-05-09 05:26:02,11.554,11.564
2196,2023-05-09 05:26:21,11.5539,11.5639
2197,2023-05-09 05:26:21,11.554,11.564
2198,2023-05-09 05:26:21,11.5539,11.5639
2199,2023-05-09 05:26:22,11.554,11.564
2200,2023-05-09 05:26:22,11.5539,11.5639
2201,2023-05-09 05:26:43,11.5538,11.5638
2202,2023-05-09 05:27:01,11.5538,11.5638
2203,2023-05-09 05:27:03,11.5542,11.5642
2204,2023-05-09 05:27:03,11.5539,11.5639
2205,2023-05-09 05:27:13,11.5538,11.5638
2206,2023-05-09 05:27:21,11.5539,11.5639
2207,2023-05-09 05:27:21,11.554,11.564
2208,2023-05-09 05:27:23,11.5539,11.5639
2209,2023-05-09 05:28:00,11.5539,11.5639
2210,2023-05-09 05:28:11,11.5542,11.5642
2211,2023-05-09 05:28:12,11.5541,11.5641
2212,2023-05-09 05:28:13,11.5539,11.5639
2213,2023-05-09 05:28:40,11.5538,11.5638
2214,2023-05-09 05:28:40,11.5539,11.5639
2215,2023-05-09 05:28:41,11.554,11.564
2216,2023-05-09 05:29:00,11.554,11.564
2217,2023-05-09 05:29:27,11.5543,11.5643
2218,2023-05-09 05:29:27,11.554,11.564
2219,2023-05-09 05:29:59,11.5542,11.5642
2220,2023-05-09 05:29:59,11.554,11.564
2221,2023-05-09 05:30:00,11.554,11.564
2222,2023-05-09 05:30:04,11.5541,11.5641
2223,2023-05-09 05:30:20,11.5543,11.5643
2224,2023-05-09 05:30:20,11.554,11.564
2225,2023-05-09 05:30:20,11.5541,11.5641
2226,2023-05-09 05:30:31,11.554,11.564
2227,2023-05-09 05:30:37,11.5539,11.5639
2228,2023-05-09 05:30:39,11.554,11.564
2229,2023-05-09 05:30:40,11.5543,11.5643
2230,2023-05-09 05:30:52,11.5542,11.5642
2231,2023-05-09 05:30:55,11.5543,11.5643
2232,2023-05-09 05:31:00,11.5543,11.5643
2233,2023-05-09 05:31:01,11.5544,11.5644
2234,2023-05-09 05:31:01,11.5543,11.5643
2235,2023-05-09 05:31:20,11.5544,11.5644
2236,2023-05-09 05:31:26,11.5543,11.5643
2237,2023-05-09 05:31:30,11.5544,11.5644
2238,2023-05-09 05:31:45,11.5543,11.5643
2239,2023-05-09 05:32:00,11.5543,11.5643
2240,2023-05-09 05:32:11,11.5542,11.5642
2241,2023-05-09 05:32:23,11.5543,11.5643
2242,2023-05-09 05:32:39,11.5544,11.5644
2243,2023-05-09 05:32:40,11.5543,11.5643
2244,2023-05-09 05:32:45,11.5544,11.5644
2245,2023-05-09 05:33:00,11.5544,11.5644
2246,2023-05-09 05:33:06,11.5542,11.5642
2247,2023-05-09 05:33:11,11.5543,11.5643
2248,2023-05-09 05:33:20,11.5542,11.5642
2249,2023-05-09 05:33:24,11.5541,11.5641
2250,2023-05-09 05:33:30,11.5542,11.5642
2251,2023-05-09 05:33:41,11.5541,11.5641
2252,2023-05-09 05:33:53,11.5542,11.5642
2253,2023-05-09 05:34:02,11.5542,11.5642
2254,2023-05-09 05:34:06,11.5543,11.5643
2255,2023-05-09 05:34:06,11.5544,11.5644
2256,2023-05-09 05:34:12,11.5545,11.5645
2257,2023-05-09 05:34:18,11.5547,11.5647
2258,2023-05-09 05:34:18,11.5548,11.5648
2259,2023-05-09 05:34:21,11.5549,11.5649
2260,2023-05-09 05:34:21,11.5548,11.5648
2261,2023-05-09 05:34:36,11.555,11.565
2262,2023-05-09 05:34:36,11.5548,11.5648
2263,2023-05-09 05:35:00,11.5548,11.5648
2264,2023-05-09 05:35:30,11.5547,11.5647
2265,2023-05-09 05:35:31,11.5548,11.5648
2266,2023-05-09 05:35:32,11.5546,11.5646
2267,2023-05-09 05:35:33,11.5548,11.5648
2268,2023-05-09 05:35:53,11.555,11.565
2269,2023-05-09 05:35:53,11.5548,11.5648
2270,2023-05-09 05:36:03,11.5548,11.5648
2271,2023-05-09 05:36:10,11.5549,11.5649
2272,2023-05-09 05:36:12,11.5548,11.5648
2273,2023-05-09 05:36:25,11.5547,11.5647
2274,2023-05-09 05:36:30,11.5548,11.5648
2275,2023-05-09 05:36:32,11.5547,11.5647
2276,2023-05-09 05:36:32,11.5548,11.5648
2277,2023-05-09 05:36:33,11.555,11.565
2278,2023-05-09 05:36:33,11.5548,11.5648
2279,2023-05-09 05:36:35,11.555,11.565
2280,2023-05-09 05:36:35,11.5548,11.5648
2281,2023-05-09 05:36:38,11.5549,11.5649
2282,2023-05-09 05:37:01,11.5549,11.5649
2283,2023-05-09 05:37:08,11.5548,11.5648
2284,2023-05-09 05:37:13,11.5549,11.5649
2285,2023-05-09 05:37:15,11.5548,11.5648
2286,2023-05-09 05:37:18,11.5549,11.5649
2287,2023-05-09 05:37:18,11.555,11.565
2288,2023-05-09 05:37:21,11.5549,11.5649
2289,2023-05-09 05:37:36,11.5548,11.5648
2290,2023-05-09 05:38:00,11.5548,11.5648
2291,2023-05-09 05:38:04,11.5547,11.5647
2292,2023-05-09 05:38:29,11.5549,11.5649
2293,2023-05-09 05:38:31,11.5547,11.5647
2294,2023-05-09 05:38:46,11.5546,11.5646
2295,2023-05-09 05:38:48,11.5547,11.5647
2296,2023-05-09 05:38:51,11.5546,11.5646
2297,2023-05-09 05:38:55,11.5547,11.5647
2298,2023-05-09 05:39:01,11.5547,11.5647
2299,2023-05-09 05:39:13,11.5545,11.5645
2300,2023-05-09 05:39:17,11.555,11.565
2301,2023-05-09 05:39:18,11.5549,11.5649
2302,2023-05-09 05:39:47,11.5548,11.5648
2303,2023-05-09 05:40:00,11.5548,11.5648
2304,2023-05-09 05:40:04,11.5549,11.5649
2305,2023-05-09 05:40:09,11.5548,11.5648
2306,2023-05-09 05:40:25,11.5547,11.5647
2307,2023-05-09 05:40:55,11.5546,11.5646
2308,2023-05-09 05:40:57,11.5545,11.5645
2309,2023-05-09 05:41:01,11.5545,11.5645
2310,2023-05-09 05:41:03,11.5546,11.5646
2311,2023-05-09 05:41:18,11.5547,11.5647
2312,2023-05-09 05:41:43,11.5545,11.5645
2313,2023-05-09 05:41:45,11.5546,11.5646
2314,2023-05-09 05:42:00,11.5546,11.5646
2315,2023-05-09 05:42:14,11.5547,11.5647
2316,2023-05-09 05:42:44,11.5548,11.5648
2317,2023-05-09 05:42:44,11.5547,11.5647
2318,2023-05-09 05:42:47,11.5548,11.5648
2319,2023-05-09 05:42:53,11.5547,11.5647
2320,2023-05-09 05:42:54,11.5548,11.5648
2321,2023-05-09 05:42:55,11.5547,11.5647
2322,2023-05-09 05:43:02,11.5547,11.5647
2323,2023-05-09 05:43:05,11.5549,11.5649
2324,2023-05-09 05:43:18,11.5547,11.5647
2325,2023-05-09 05:43:19,11.5549,11.5649
2326,2023-05-09 05:43:25,11.5548,11.5648
2327,2023-05-09 05:43:30,11.5549,11.5649
2328,2023-05-09 05:43:31,11.5548,11.5648
2329,2023-05-09 05:43:43,11.5547,11.5647
2330,2023-05-09 05:43:51,11.5548,11.5648
2331,2023-05-09 05:43:53,11.5547,11.5647
2332,2023-05-09 05:43:58,11.5548,11.5648
2333,2023-05-09 05:43:59,11.5549,11.5649
2334,2023-05-09 05:44:00,11.5549,11.5649
2335,2023-05-09 05:44:08,11.5547,11.5647
2336,2023-05-09 05:44:08,11.5549,11.5649
2337,2023-05-09 05:44:09,11.5548,11.5648
2338,2023-05-09 05:44:09,11.5549,11.5649
2339,2023-05-09 05:44:10,11.5548,11.5648
2340,2023-05-09 05:44:28,11.5547,11.5647
2341,2023-05-09 05:44:32,11.5548,11.5648
2342,2023-05-09 05:44:32,11.5547,11.5647
2343,2023-05-09 05:44:33,11.5549,11.5649
2344,2023-05-09 05:44:33,11.5547,11.5647
2345,2023-05-09 05:44:43,11.5548,11.5648
2346,2023-05-09 05:44:43,11.5547,11.5647
2347,2023-05-09 05:44:57,11.5548,11.5648
2348,2023-05-09 05:45:00,11.5547,11.5647
2349,2023-05-09 05:45:01,11.5549,11.5649
2350,2023-05-09 05:45:01,11.5547,11.5647
2351,2023-05-09 05:45:10,11.5546,11.5646
2352,2023-05-09 05:45:10,11.5548,11.5648
2353,2023-05-09 05:45:15,11.5547,11.5647
2354,2023-05-09 05:45:23,11.5548,11.5648
2355,2023-05-09 05:45:24,11.5547,11.5647
2356,2023-05-09 05:45:50,11.5546,11.5646
2357,2023-05-09 05:45:50,11.5547,11.5647
2358,2023-05-09 05:45:50,11.5546,11.5646
2359,2023-05-09 05:45:50,11.5547,11.5647
2360,2023-05-09 05:45:52,11.5546,11.5646
2361,2023-05-09 05:45:53,11.5547,11.5647
2362,2023-05-09 05:45:56,11.5545,11.5645
2363,2023-05-09 05:45:58,11.5546,11.5646
2364,2023-05-09 05:46:00,11.5547,11.5647
2365,2023-05-09 05:46:00,11.5546,11.5646
2366,2023-05-09 05:46:03,11.5547,11.5647
2367,2023-05-09 05:46:07,11.5548,11.5648
2368,2023-05-09 05:46:09,11.5547,11.5647
2369,2023-05-09 05:46:13,11.5546,11.5646
2370,2023-05-09 05:46:13,11.5548,11.5648
2371,2023-05-09 05:46:14,11.5547,11.5647
2372,2023-05-09 05:46:19,11.5546,11.5646
2373,2023-05-09 05:46:19,11.5548,11.5648
2374,2023-05-09 05:46:21,11.5547,11.5647
2375,2023-05-09 05:46:26,11.5549,11.5649
2376,2023-05-09 05:46:26,11.5548,11.5648
2377,2023-05-09 05:46:27,11.5547,11.5647
2378,2023-05-09 05:46:28,11.5548,11.5648
2379,2023-05-09 05:47:00,11.5548,11.5648
2380,2023-05-09 05:47:01,11.5543,11.5643
2381,2023-05-09 05:47:01,11.5545,11.5645
2382,2023-05-09 05:47:02,11.5546,11.5646
2383,2023-05-09 05:47:02,11.5547,11.5647
2384,2023-05-09 05:47:04,11.5548,11.5648
2385,2023-05-09 05:47:12,11.5547,11.5647
2386,2023-05-09 05:47:12,11.5548,11.5648
2387,2023-05-09 05:47:20,11.5545,11.5645
2388,2023-05-09 05:47:20,11.5549,11.5649
2389,2023-05-09 05:47:23,11.555,11.565
2390,2023-05-09 05:47:24,11.5551,11.5651
2391,2023-05-09 05:47:26,11.5552,11.5652
2392,2023-05-09 05:47:26,11.5553,11.5653
2393,2023-05-09 05:47:27,11.5551,11.5651
2394,2023-05-09 05:47:27,11.5553,11.5653
2395,2023-05-09 05:47:29,11.5556,11.5656
2396,2023-05-09 05:47:29,11.5557,11.5657
2397,2023-05-09 05:47:31,11.5558,11.5658
2398,2023-05-09 05:47:38,11.5557,11.5657
2399,2023-05-09 05:47:42,11.5558,11.5658
2400,2023-05-09 05:47:43,11.5559,11.5659
2401,2023-05-09 05:47:43,11.5562,11.5662
2402,2023-05-09 05:47:45,11.5563,11.5663
2403,2023-05-09 05:47:45,11.5564,11.5664
2404,2023-05-09 05:47:46,11.5566,11.5666
2405,2023-05-09 05:47:47,11.5567,11.5667
2406,2023-05-09 05:47:52,11.5564,11.5664
2407,2023-05-09 05:47:52,11.5567,11.5667
2408,2023-05-09 05:47:53,11.5569,11.5669
2409,2023-05-09 05:47:55,11.556799999999999,11.5668
2410,2023-05-09 05:47:57,11.557,11.567
2411,2023-05-09 05:47:57,11.5569,11.5669
2412,2023-05-09 05:48:01,11.5569,11.5669
2413,2023-05-09 05:48:05,11.557,11.567
2414,2023-05-09 05:48:07,11.5569,11.5669
2415,2023-05-09 05:48:07,11.557,11.567
2416,2023-05-09 05:48:09,11.5569,11.5669
2417,2023-05-09 05:48:10,11.557,11.567
2418,2023-05-09 05:48:12,11.5569,11.5669
2419,2023-05-09 05:48:14,11.557,11.567
2420,2023-05-09 05:48:15,11.5571,11.5671
2421,2023-05-09 05:48:17,11.557,11.567
2422,2023-05-09 05:48:21,11.5571,11.5671
2423,2023-05-09 05:48:43,11.5572,11.5672
2424,2023-05-09 05:48:43,11.5573,11.5673
2425,2023-05-09 05:48:45,11.5572,11.5672
2426,2023-05-09 05:48:49,11.5573,11.5673
2427,2023-05-09 05:49:00,11.5573,11.5673
2428,2023-05-09 05:49:00,11.5574,11.5674
2429,2023-05-09 05:49:01,11.5573,11.5673
2430,2023-05-09 05:49:01,11.5574,11.5674
2431,2023-05-09 05:49:02,11.5572,11.5672
2432,2023-05-09 05:49:03,11.5573,11.5673
2433,2023-05-09 05:49:09,11.5574,11.5674
2434,2023-05-09 05:49:09,11.5573,11.5673
2435,2023-05-09 05:49:09,11.5574,11.5674
2436,2023-05-09 05:49:10,11.5573,11.5673
2437,2023-05-09 05:49:11,11.5572,11.5672
2438,2023-05-09 05:49:12,11.5573,11.5673
2439,2023-05-09 05:49:13,11.5572,11.5672
2440,2023-05-09 05:49:13,11.5573,11.5673
2441,2023-05-09 05:49:14,11.5574,11.5674
2442,2023-05-09 05:49:16,11.5573,11.5673
