,time,bid,ask
0,2023-05-09 00:00:00,1.2612,1.26135
1,2023-05-09 00:00:00,1.26118,1.26133
2,2023-05-09 00:00:01,1.26117,1.26132
3,2023-05-09 00:00:01,1.26111,1.26126
4,2023-05-09 00:00:01,1.26116,1.26131
5,2023-05-09 00:00:01,1.26118,1.26133
6,2023-05-09 00:00:06,1.26119,1.2613400000000001
7,2023-05-09 00:00:07,1.26118,1.26133
8,2023-05-09 00:00:09,1.2612,1.26135
9,2023-05-09 00:00:09,1.26124,1.26139
10,2023-05-09 00:00:10,1.26122,1.2613699999999999
11,2023-05-09 00:00:10,1.26123,1.26138
12,2023-05-09 00:00:11,1.26124,1.26139
13,2023-05-09 00:00:11,1.26121,1.26136
14,2023-05-09 00:00:12,1.26118,1.26133
15,2023-05-09 00:00:12,1.26117,1.26132
16,2023-05-09 00:00:16,1.26122,1.2613699999999999
17,2023-05-09 00:00:16,1.26123,1.26138
18,2023-05-09 00:00:18,1.26124,1.26139
19,2023-05-09 00:00:20,1.26125,1.2614
20,2023-05-09 00:00:25,1.26124,1.26139
21,2023-05-09 00:00:25,1.26125,1.2614
22,2023-05-09 00:00:26,1.26126,1.26141
23,2023-05-09 00:00:26,1.26125,1.2614
24,2023-05-09 00:00:28,1.26126,1.26141
25,2023-05-09 00:00:30,1.2612700000000001,1.26142
26,2023-05-09 00:00:30,1.26128,1.26143
27,2023-05-09 00:00:31,1.2612700000000001,1.26142
28,2023-05-09 00:00:31,1.26128,1.26143
29,2023-05-09 00:00:31,1.26126,1.26141
30,2023-05-09 00:00:32,1.2612700000000001,1.26142
31,2023-05-09 00:00:37,1.26128,1.26143
32,2023-05-09 00:00:39,1.2612700000000001,1.26142
33,2023-05-09 00:00:41,1.26126,1.26141
34,2023-05-09 00:00:42,1.26125,1.2614
35,2023-05-09 00:00:42,1.26123,1.26138
36,2023-05-09 00:00:42,1.26124,1.26139
37,2023-05-09 00:00:43,1.26125,1.2614
38,2023-05-09 00:00:43,1.26119,1.2613400000000001
39,2023-05-09 00:00:51,1.26118,1.26133
40,2023-05-09 00:01:00,1.26118,1.26133
41,2023-05-09 00:01:00,1.26119,1.2613400000000001
42,2023-05-09 00:01:00,1.26118,1.26133
43,2023-05-09 00:01:00,1.26119,1.2613400000000001
44,2023-05-09 00:01:01,1.26118,1.26133
45,2023-05-09 00:01:04,1.26117,1.26132
46,2023-05-09 00:01:04,1.26116,1.26131
47,2023-05-09 00:01:05,1.26118,1.26133
48,2023-05-09 00:01:06,1.26117,1.26132
49,2023-05-09 00:01:09,1.26118,1.26133
50,2023-05-09 00:01:10,1.26117,1.26132
51,2023-05-09 00:01:10,1.26118,1.26133
52,2023-05-09 00:01:22,1.26117,1.26132
53,2023-05-09 00:01:24,1.26118,1.26133
54,2023-05-09 00:01:31,1.26117,1.26132
55,2023-05-09 00:01:36,1.26116,1.26131
56,2023-05-09 00:01:39,1.26117,1.26132
57,2023-05-09 00:01:40,1.26116,1.26131
58,2023-05-09 00:01:43,1.26118,1.26133
59,2023-05-09 00:01:43,1.26116,1.26131
60,2023-05-09 00:01:44,1.26115,1.2612999999999999
61,2023-05-09 00:01:44,1.26116,1.26131
62,2023-05-09 00:01:45,1.26115,1.2612999999999999
63,2023-05-09 00:01:45,1.2610999999999999,1.26125
64,2023-05-09 00:01:47,1.26109,1.26124
65,2023-05-09 00:01:47,1.26108,1.26123
66,2023-05-09 00:01:47,1.26109,1.26124
67,2023-05-09 00:01:48,1.26108,1.26123
68,2023-05-09 00:01:48,1.2610000000000001,1.26115
69,2023-05-09 00:01:48,1.26099,1.26114
70,2023-05-09 00:01:50,1.26101,1.26116
71,2023-05-09 00:01:50,1.26106,1.26121
72,2023-05-09 00:01:52,1.26105,1.2612
73,2023-05-09 00:01:52,1.26099,1.26114
74,2023-05-09 00:01:53,1.26098,1.26113
75,2023-05-09 00:01:54,1.26097,1.26112
76,2023-05-09 00:01:54,1.26098,1.26113
77,2023-05-09 00:01:54,1.26099,1.26114
78,2023-05-09 00:01:55,1.26098,1.26113
79,2023-05-09 00:02:00,1.26098,1.26113
80,2023-05-09 00:02:00,1.26097,1.26112
81,2023-05-09 00:02:04,1.26096,1.26111
82,2023-05-09 00:02:05,1.26097,1.26112
83,2023-05-09 00:02:06,1.26096,1.26111
84,2023-05-09 00:02:09,1.26098,1.26113
85,2023-05-09 00:02:09,1.26097,1.26112
86,2023-05-09 00:02:11,1.26098,1.26113
87,2023-05-09 00:02:11,1.26102,1.26117
88,2023-05-09 00:02:11,1.2610299999999999,1.26118
89,2023-05-09 00:02:14,1.26102,1.26117
90,2023-05-09 00:02:14,1.26101,1.26116
91,2023-05-09 00:02:15,1.26099,1.26114
92,2023-05-09 00:02:15,1.26097,1.26112
93,2023-05-09 00:02:16,1.26096,1.26111
94,2023-05-09 00:02:27,1.26097,1.26112
95,2023-05-09 00:02:27,1.26096,1.26111
96,2023-05-09 00:02:28,1.26097,1.26112
97,2023-05-09 00:02:29,1.26099,1.26114
98,2023-05-09 00:02:32,1.26102,1.26117
99,2023-05-09 00:02:33,1.2610000000000001,1.26115
100,2023-05-09 00:02:33,1.26102,1.26117
101,2023-05-09 00:02:33,1.2610299999999999,1.26118
102,2023-05-09 00:02:37,1.26101,1.26116
103,2023-05-09 00:02:37,1.26098,1.26113
104,2023-05-09 00:02:39,1.26096,1.26111
105,2023-05-09 00:02:44,1.26089,1.26104
106,2023-05-09 00:02:45,1.26093,1.26108
107,2023-05-09 00:02:46,1.26094,1.26109
108,2023-05-09 00:02:46,1.26095,1.2610999999999999
109,2023-05-09 00:02:48,1.26094,1.26109
110,2023-05-09 00:02:48,1.26093,1.26108
111,2023-05-09 00:02:50,1.26094,1.26109
112,2023-05-09 00:02:52,1.26096,1.26111
113,2023-05-09 00:02:53,1.26095,1.2610999999999999
114,2023-05-09 00:02:53,1.26091,1.26106
115,2023-05-09 00:02:53,1.26089,1.26104
116,2023-05-09 00:02:54,1.26088,1.2610299999999999
117,2023-05-09 00:02:54,1.26087,1.26102
118,2023-05-09 00:02:54,1.26079,1.26094
119,2023-05-09 00:02:54,1.26084,1.26099
120,2023-05-09 00:02:55,1.26086,1.26101
121,2023-05-09 00:02:55,1.26087,1.26102
122,2023-05-09 00:02:56,1.26086,1.26101
123,2023-05-09 00:02:58,1.26087,1.26102
124,2023-05-09 00:02:59,1.26086,1.26101
125,2023-05-09 00:02:59,1.26087,1.26102
126,2023-05-09 00:02:59,1.26086,1.26101
127,2023-05-09 00:02:59,1.26087,1.26102
128,2023-05-09 00:03:00,1.26087,1.26102
129,2023-05-09 00:03:00,1.26086,1.26101
130,2023-05-09 00:03:01,1.26084,1.26099
131,2023-05-09 00:03:01,1.26083,1.26098
132,2023-05-09 00:03:02,1.26082,1.26097
133,2023-05-09 00:03:03,1.26083,1.26098
134,2023-05-09 00:03:03,1.26084,1.26099
135,2023-05-09 00:03:04,1.26085,1.2610000000000001
136,2023-05-09 00:03:06,1.26086,1.26101
137,2023-05-09 00:03:07,1.26087,1.26102
138,2023-05-09 00:03:08,1.26088,1.2610299999999999
139,2023-05-09 00:03:09,1.26086,1.26101
140,2023-05-09 00:03:09,1.26088,1.2610299999999999
141,2023-05-09 00:03:12,1.26085,1.2610000000000001
142,2023-05-09 00:03:14,1.26084,1.26099
143,2023-05-09 00:03:14,1.26085,1.2610000000000001
144,2023-05-09 00:03:15,1.26084,1.26099
145,2023-05-09 00:03:15,1.26087,1.26102
146,2023-05-09 00:03:16,1.26085,1.2610000000000001
147,2023-05-09 00:03:17,1.26087,1.26102
148,2023-05-09 00:03:19,1.26088,1.2610299999999999
149,2023-05-09 00:03:20,1.26086,1.26101
150,2023-05-09 00:03:21,1.26083,1.26098
151,2023-05-09 00:03:22,1.26084,1.26099
152,2023-05-09 00:03:22,1.26083,1.26098
153,2023-05-09 00:03:22,1.2608,1.26095
154,2023-05-09 00:03:24,1.26078,1.26093
155,2023-05-09 00:03:24,1.26077,1.26092
156,2023-05-09 00:03:25,1.26078,1.26093
157,2023-05-09 00:03:28,1.26077,1.26092
158,2023-05-09 00:03:28,1.26078,1.26093
159,2023-05-09 00:03:29,1.26077,1.26092
160,2023-05-09 00:03:30,1.2607599999999999,1.26091
161,2023-05-09 00:03:31,1.26075,1.2609
162,2023-05-09 00:03:35,1.26078,1.26093
163,2023-05-09 00:03:35,1.2607599999999999,1.26091
164,2023-05-09 00:03:43,1.26075,1.2609
165,2023-05-09 00:03:44,1.26077,1.26092
166,2023-05-09 00:03:45,1.2607599999999999,1.26091
167,2023-05-09 00:03:49,1.26075,1.2609
168,2023-05-09 00:03:49,1.26074,1.26089
169,2023-05-09 00:03:49,1.2607300000000001,1.26088
170,2023-05-09 00:03:50,1.26074,1.26089
171,2023-05-09 00:03:50,1.26068,1.26083
172,2023-05-09 00:03:50,1.2606899999999999,1.26084
173,2023-05-09 00:03:51,1.2607,1.26085
174,2023-05-09 00:03:51,1.2606899999999999,1.26084
175,2023-05-09 00:03:51,1.2607,1.26085
176,2023-05-09 00:03:52,1.26071,1.26086
177,2023-05-09 00:03:53,1.26068,1.26083
178,2023-05-09 00:03:53,1.26067,1.26082
179,2023-05-09 00:03:53,1.2606600000000001,1.26081
180,2023-05-09 00:03:55,1.26068,1.26083
181,2023-05-09 00:03:55,1.26067,1.26082
182,2023-05-09 00:03:56,1.26068,1.26083
183,2023-05-09 00:03:56,1.26071,1.26086
184,2023-05-09 00:03:56,1.2607,1.26085
185,2023-05-09 00:03:57,1.2606899999999999,1.26084
186,2023-05-09 00:03:58,1.2606600000000001,1.26081
187,2023-05-09 00:03:58,1.26067,1.26082
188,2023-05-09 00:03:58,1.2606600000000001,1.26081
189,2023-05-09 00:04:00,1.2606600000000001,1.26081
190,2023-05-09 00:04:00,1.26067,1.26082
191,2023-05-09 00:04:02,1.26065,1.2608
192,2023-05-09 00:04:04,1.26068,1.26083
193,2023-05-09 00:04:04,1.26064,1.26079
194,2023-05-09 00:04:04,1.2606600000000001,1.26081
195,2023-05-09 00:04:05,1.26065,1.2608
196,2023-05-09 00:04:05,1.26064,1.26079
197,2023-05-09 00:04:06,1.26065,1.2608
198,2023-05-09 00:04:06,1.2606600000000001,1.26081
199,2023-05-09 00:04:11,1.26067,1.26082
200,2023-05-09 00:04:12,1.26065,1.2608
201,2023-05-09 00:04:13,1.2606600000000001,1.26081
202,2023-05-09 00:04:14,1.26065,1.2608
203,2023-05-09 00:04:15,1.26059,1.26074
204,2023-05-09 00:04:15,1.26058,1.2607300000000001
205,2023-05-09 00:04:15,1.26059,1.26074
206,2023-05-09 00:04:16,1.2606,1.26075
207,2023-05-09 00:04:16,1.26058,1.2607300000000001
208,2023-05-09 00:04:21,1.26061,1.2607599999999999
209,2023-05-09 00:04:21,1.26062,1.26077
210,2023-05-09 00:04:21,1.26063,1.26078
211,2023-05-09 00:04:23,1.26062,1.26077
212,2023-05-09 00:04:24,1.26061,1.2607599999999999
213,2023-05-09 00:04:25,1.2606,1.26075
214,2023-05-09 00:04:25,1.26059,1.26074
215,2023-05-09 00:04:27,1.2606,1.26075
216,2023-05-09 00:04:27,1.26062,1.26077
217,2023-05-09 00:04:29,1.26063,1.26078
218,2023-05-09 00:04:31,1.2606600000000001,1.26081
219,2023-05-09 00:04:32,1.26065,1.2608
220,2023-05-09 00:04:35,1.2606600000000001,1.26081
221,2023-05-09 00:04:39,1.26067,1.26082
222,2023-05-09 00:04:41,1.2606600000000001,1.26081
223,2023-05-09 00:04:41,1.26065,1.2608
224,2023-05-09 00:04:44,1.2606600000000001,1.26081
225,2023-05-09 00:04:44,1.26065,1.2608
226,2023-05-09 00:04:45,1.2606600000000001,1.26081
227,2023-05-09 00:04:46,1.26065,1.2608
228,2023-05-09 00:04:46,1.2606600000000001,1.26081
229,2023-05-09 00:04:47,1.26065,1.2608
230,2023-05-09 00:04:47,1.2606600000000001,1.26081
231,2023-05-09 00:04:48,1.26065,1.2608
232,2023-05-09 00:04:49,1.2606600000000001,1.26081
233,2023-05-09 00:04:50,1.26067,1.26082
234,2023-05-09 00:04:51,1.2606600000000001,1.26081
235,2023-05-09 00:04:53,1.2607,1.26085
236,2023-05-09 00:04:53,1.26071,1.26086
237,2023-05-09 00:04:54,1.26079,1.26094
238,2023-05-09 00:04:54,1.26078,1.26093
239,2023-05-09 00:04:57,1.26079,1.26094
240,2023-05-09 00:04:58,1.26078,1.26093
241,2023-05-09 00:04:58,1.26079,1.26094
242,2023-05-09 00:05:00,1.26079,1.26094
243,2023-05-09 00:05:01,1.26077,1.26092
244,2023-05-09 00:05:02,1.26079,1.26094
245,2023-05-09 00:05:02,1.26078,1.26093
246,2023-05-09 00:05:06,1.26077,1.26092
247,2023-05-09 00:05:06,1.26078,1.26093
248,2023-05-09 00:05:15,1.26077,1.26092
249,2023-05-09 00:05:19,1.2607599999999999,1.26091
250,2023-05-09 00:05:19,1.26077,1.26092
251,2023-05-09 00:05:20,1.26078,1.26093
252,2023-05-09 00:05:20,1.26077,1.26092
253,2023-05-09 00:05:21,1.26078,1.26093
254,2023-05-09 00:05:22,1.26079,1.26094
255,2023-05-09 00:05:24,1.26078,1.26093
256,2023-05-09 00:05:26,1.2608,1.26095
257,2023-05-09 00:05:26,1.26084,1.26099
258,2023-05-09 00:05:27,1.26083,1.26098
259,2023-05-09 00:05:27,1.26082,1.26097
260,2023-05-09 00:05:28,1.26081,1.26096
261,2023-05-09 00:05:29,1.26082,1.26097
262,2023-05-09 00:05:29,1.26081,1.26096
263,2023-05-09 00:05:29,1.26082,1.26097
264,2023-05-09 00:05:29,1.26079,1.26094
265,2023-05-09 00:05:30,1.26081,1.26096
266,2023-05-09 00:05:30,1.26082,1.26097
267,2023-05-09 00:05:31,1.26081,1.26096
268,2023-05-09 00:05:31,1.2608,1.26095
269,2023-05-09 00:05:31,1.26081,1.26096
270,2023-05-09 00:05:31,1.2608,1.26095
271,2023-05-09 00:05:33,1.26079,1.26094
272,2023-05-09 00:05:33,1.26081,1.26096
273,2023-05-09 00:05:33,1.2608,1.26095
274,2023-05-09 00:05:36,1.26081,1.26096
275,2023-05-09 00:05:38,1.26082,1.26097
276,2023-05-09 00:05:38,1.26085,1.2610000000000001
277,2023-05-09 00:05:38,1.26084,1.26099
278,2023-05-09 00:05:39,1.26086,1.26101
279,2023-05-09 00:05:39,1.26087,1.26102
280,2023-05-09 00:05:41,1.26086,1.26101
281,2023-05-09 00:05:42,1.26087,1.26102
282,2023-05-09 00:05:42,1.26086,1.26101
283,2023-05-09 00:05:43,1.26082,1.26097
284,2023-05-09 00:05:44,1.26083,1.26098
285,2023-05-09 00:05:45,1.26084,1.26099
286,2023-05-09 00:05:46,1.26083,1.26098
287,2023-05-09 00:05:47,1.26084,1.26099
288,2023-05-09 00:05:47,1.26083,1.26098
289,2023-05-09 00:05:50,1.26084,1.26099
290,2023-05-09 00:05:51,1.26083,1.26098
291,2023-05-09 00:05:53,1.26081,1.26096
292,2023-05-09 00:05:53,1.2608,1.26095
293,2023-05-09 00:05:54,1.26081,1.26096
294,2023-05-09 00:05:59,1.2608,1.26095
295,2023-05-09 00:06:00,1.2608,1.26095
296,2023-05-09 00:06:00,1.26081,1.26096
297,2023-05-09 00:06:01,1.26082,1.26097
298,2023-05-09 00:06:03,1.26081,1.26096
299,2023-05-09 00:06:06,1.26079,1.26094
300,2023-05-09 00:06:08,1.26078,1.26093
301,2023-05-09 00:06:09,1.26077,1.26092
302,2023-05-09 00:06:09,1.26078,1.26093
303,2023-05-09 00:06:10,1.26077,1.26092
304,2023-05-09 00:06:11,1.26078,1.26093
305,2023-05-09 00:06:11,1.26077,1.26092
306,2023-05-09 00:06:12,1.2607599999999999,1.26091
307,2023-05-09 00:06:13,1.26077,1.26092
308,2023-05-09 00:06:13,1.2607599999999999,1.26091
309,2023-05-09 00:06:13,1.26077,1.26092
310,2023-05-09 00:06:21,1.26075,1.2609
311,2023-05-09 00:06:22,1.2607,1.26085
312,2023-05-09 00:06:25,1.26071,1.26086
313,2023-05-09 00:06:29,1.26074,1.26089
314,2023-05-09 00:06:29,1.2607300000000001,1.26088
315,2023-05-09 00:06:30,1.26071,1.26086
316,2023-05-09 00:06:31,1.2607,1.26085
317,2023-05-09 00:06:31,1.26071,1.26086
318,2023-05-09 00:06:32,1.2607,1.26085
319,2023-05-09 00:06:33,1.26072,1.26087
320,2023-05-09 00:06:36,1.26074,1.26089
321,2023-05-09 00:06:40,1.26071,1.26086
322,2023-05-09 00:06:40,1.26074,1.26089
323,2023-05-09 00:06:40,1.26072,1.26087
324,2023-05-09 00:06:41,1.26071,1.26086
325,2023-05-09 00:06:46,1.2606899999999999,1.26084
326,2023-05-09 00:06:51,1.26071,1.26086
327,2023-05-09 00:06:51,1.26075,1.2609
328,2023-05-09 00:06:51,1.26074,1.26089
329,2023-05-09 00:06:51,1.2607300000000001,1.26088
330,2023-05-09 00:06:56,1.26075,1.2609
331,2023-05-09 00:06:57,1.26074,1.26089
332,2023-05-09 00:06:57,1.26075,1.2609
333,2023-05-09 00:06:58,1.2607599999999999,1.26091
334,2023-05-09 00:06:59,1.26075,1.2609
335,2023-05-09 00:06:59,1.2607599999999999,1.26091
336,2023-05-09 00:07:00,1.26075,1.2609
337,2023-05-09 00:07:02,1.2607599999999999,1.26091
338,2023-05-09 00:07:02,1.26075,1.2609
339,2023-05-09 00:07:04,1.2607599999999999,1.26091
340,2023-05-09 00:07:04,1.26075,1.2609
341,2023-05-09 00:07:04,1.2607599999999999,1.26091
342,2023-05-09 00:07:06,1.26075,1.2609
343,2023-05-09 00:07:06,1.2607599999999999,1.26091
344,2023-05-09 00:07:06,1.26075,1.2609
345,2023-05-09 00:07:06,1.26074,1.26089
346,2023-05-09 00:07:10,1.26075,1.2609
347,2023-05-09 00:07:11,1.2607599999999999,1.26091
348,2023-05-09 00:07:11,1.26075,1.2609
349,2023-05-09 00:07:12,1.2607300000000001,1.26088
350,2023-05-09 00:07:12,1.2606899999999999,1.26084
351,2023-05-09 00:07:14,1.2607,1.26085
352,2023-05-09 00:07:14,1.2606899999999999,1.26084
353,2023-05-09 00:07:14,1.2607,1.26085
354,2023-05-09 00:07:15,1.26071,1.26086
355,2023-05-09 00:07:16,1.2607300000000001,1.26088
356,2023-05-09 00:07:16,1.26071,1.26086
357,2023-05-09 00:07:17,1.2607,1.26085
358,2023-05-09 00:07:18,1.26068,1.26083
359,2023-05-09 00:07:20,1.26067,1.26082
360,2023-05-09 00:07:24,1.2606899999999999,1.26084
361,2023-05-09 00:07:24,1.26072,1.26087
362,2023-05-09 00:07:25,1.26071,1.26086
363,2023-05-09 00:07:27,1.26072,1.26087
364,2023-05-09 00:07:28,1.26071,1.26086
365,2023-05-09 00:07:29,1.2607,1.26085
366,2023-05-09 00:07:32,1.26071,1.26086
367,2023-05-09 00:07:32,1.26074,1.26089
368,2023-05-09 00:07:33,1.2606899999999999,1.26084
369,2023-05-09 00:07:33,1.26068,1.26083
370,2023-05-09 00:07:36,1.2607,1.26085
371,2023-05-09 00:07:40,1.26072,1.26087
372,2023-05-09 00:07:41,1.26071,1.26086
373,2023-05-09 00:07:43,1.26072,1.26087
374,2023-05-09 00:07:44,1.2607300000000001,1.26088
375,2023-05-09 00:07:44,1.26072,1.26087
376,2023-05-09 00:07:45,1.2607300000000001,1.26088
377,2023-05-09 00:07:47,1.2607599999999999,1.26091
378,2023-05-09 00:07:48,1.26075,1.2609
379,2023-05-09 00:07:49,1.2607599999999999,1.26091
380,2023-05-09 00:07:54,1.26077,1.26092
381,2023-05-09 00:07:55,1.2607599999999999,1.26091
382,2023-05-09 00:07:58,1.26075,1.2609
383,2023-05-09 00:08:00,1.26075,1.2609
384,2023-05-09 00:08:01,1.2607599999999999,1.26091
385,2023-05-09 00:08:03,1.26074,1.26089
386,2023-05-09 00:08:03,1.26071,1.26086
387,2023-05-09 00:08:04,1.2607,1.26085
388,2023-05-09 00:08:05,1.26072,1.26087
389,2023-05-09 00:08:06,1.2607,1.26085
390,2023-05-09 00:08:08,1.2606899999999999,1.26084
391,2023-05-09 00:08:09,1.2607,1.26085
392,2023-05-09 00:08:12,1.2606899999999999,1.26084
393,2023-05-09 00:08:13,1.26068,1.26083
394,2023-05-09 00:08:13,1.26067,1.26082
395,2023-05-09 00:08:13,1.26065,1.2608
396,2023-05-09 00:08:15,1.2606600000000001,1.26081
397,2023-05-09 00:08:15,1.26067,1.26082
398,2023-05-09 00:08:18,1.2606600000000001,1.26081
399,2023-05-09 00:08:19,1.26065,1.2608
400,2023-05-09 00:08:19,1.2606600000000001,1.26081
401,2023-05-09 00:08:22,1.26068,1.26083
402,2023-05-09 00:08:23,1.26067,1.26082
403,2023-05-09 00:08:32,1.26065,1.2608
404,2023-05-09 00:08:32,1.26064,1.26079
405,2023-05-09 00:08:33,1.26065,1.2608
406,2023-05-09 00:08:34,1.26064,1.26079
407,2023-05-09 00:08:34,1.26065,1.2608
408,2023-05-09 00:08:34,1.26064,1.26079
409,2023-05-09 00:08:34,1.26065,1.2608
410,2023-05-09 00:08:36,1.2606600000000001,1.26081
411,2023-05-09 00:08:36,1.26065,1.2608
412,2023-05-09 00:08:37,1.26064,1.26079
413,2023-05-09 00:08:39,1.26065,1.2608
414,2023-05-09 00:08:42,1.26064,1.26079
415,2023-05-09 00:08:42,1.26065,1.2608
416,2023-05-09 00:08:43,1.26064,1.26079
417,2023-05-09 00:08:44,1.2606600000000001,1.26081
418,2023-05-09 00:08:47,1.26064,1.26079
419,2023-05-09 00:08:47,1.26065,1.2608
420,2023-05-09 00:08:48,1.26064,1.26079
421,2023-05-09 00:08:48,1.26065,1.2608
422,2023-05-09 00:08:48,1.26064,1.26079
423,2023-05-09 00:08:54,1.26062,1.26077
424,2023-05-09 00:08:54,1.26063,1.26078
425,2023-05-09 00:08:59,1.26056,1.26071
426,2023-05-09 00:08:59,1.26055,1.2607
427,2023-05-09 00:09:00,1.26055,1.2607
428,2023-05-09 00:09:00,1.26054,1.2606899999999999
429,2023-05-09 00:09:02,1.26053,1.26068
430,2023-05-09 00:09:02,1.26052,1.26067
431,2023-05-09 00:09:03,1.26053,1.26068
432,2023-05-09 00:09:05,1.26054,1.2606899999999999
433,2023-05-09 00:09:06,1.26055,1.2607
434,2023-05-09 00:09:08,1.26056,1.26071
435,2023-05-09 00:09:08,1.26053,1.26068
436,2023-05-09 00:09:09,1.2604899999999999,1.26064
437,2023-05-09 00:09:10,1.26048,1.26063
438,2023-05-09 00:09:10,1.26043,1.26058
439,2023-05-09 00:09:10,1.2604,1.26055
440,2023-05-09 00:09:11,1.2603900000000001,1.26054
441,2023-05-09 00:09:12,1.2604199999999999,1.26057
442,2023-05-09 00:09:14,1.26043,1.26058
443,2023-05-09 00:09:14,1.26044,1.26059
444,2023-05-09 00:09:16,1.2604600000000001,1.26061
445,2023-05-09 00:09:19,1.26045,1.2606
446,2023-05-09 00:09:21,1.26043,1.26058
447,2023-05-09 00:09:22,1.26044,1.26059
448,2023-05-09 00:09:22,1.2604600000000001,1.26061
449,2023-05-09 00:09:33,1.26052,1.26067
450,2023-05-09 00:09:33,1.26051,1.2606600000000001
451,2023-05-09 00:09:33,1.26052,1.26067
452,2023-05-09 00:09:34,1.26051,1.2606600000000001
453,2023-05-09 00:09:34,1.26052,1.26067
454,2023-05-09 00:09:34,1.26051,1.2606600000000001
455,2023-05-09 00:09:34,1.26052,1.26067
456,2023-05-09 00:09:37,1.26051,1.2606600000000001
457,2023-05-09 00:09:38,1.2604899999999999,1.26064
458,2023-05-09 00:09:39,1.26048,1.26063
459,2023-05-09 00:09:40,1.2604899999999999,1.26064
460,2023-05-09 00:09:40,1.2604600000000001,1.26061
461,2023-05-09 00:09:41,1.26045,1.2606
462,2023-05-09 00:09:42,1.2604600000000001,1.26061
463,2023-05-09 00:09:44,1.2605,1.26065
464,2023-05-09 00:09:45,1.26051,1.2606600000000001
465,2023-05-09 00:09:45,1.26052,1.26067
466,2023-05-09 00:09:46,1.2604899999999999,1.26064
467,2023-05-09 00:09:46,1.2605,1.26065
468,2023-05-09 00:09:47,1.26051,1.2606600000000001
469,2023-05-09 00:09:50,1.2605,1.26065
470,2023-05-09 00:09:50,1.26048,1.26063
471,2023-05-09 00:09:51,1.2604899999999999,1.26064
472,2023-05-09 00:09:51,1.2605,1.26065
473,2023-05-09 00:09:52,1.26048,1.26063
474,2023-05-09 00:09:55,1.26047,1.26062
475,2023-05-09 00:09:55,1.2604600000000001,1.26061
476,2023-05-09 00:09:55,1.26045,1.2606
477,2023-05-09 00:09:59,1.2604899999999999,1.26064
478,2023-05-09 00:10:00,1.2604899999999999,1.26064
479,2023-05-09 00:10:00,1.26052,1.26067
480,2023-05-09 00:10:02,1.26051,1.2606600000000001
481,2023-05-09 00:10:02,1.2605,1.26065
482,2023-05-09 00:10:04,1.26051,1.2606600000000001
483,2023-05-09 00:10:05,1.26052,1.26067
484,2023-05-09 00:10:10,1.26053,1.26068
485,2023-05-09 00:10:12,1.26052,1.26067
486,2023-05-09 00:10:12,1.26053,1.26068
487,2023-05-09 00:10:13,1.26054,1.2606899999999999
488,2023-05-09 00:10:14,1.26055,1.2607
489,2023-05-09 00:10:15,1.26054,1.2606899999999999
490,2023-05-09 00:10:16,1.26053,1.26068
491,2023-05-09 00:10:20,1.26054,1.2606899999999999
492,2023-05-09 00:10:21,1.26053,1.26068
493,2023-05-09 00:10:21,1.26054,1.2606899999999999
494,2023-05-09 00:10:22,1.26053,1.26068
495,2023-05-09 00:10:22,1.26054,1.2606899999999999
496,2023-05-09 00:10:26,1.26053,1.26068
497,2023-05-09 00:10:26,1.26047,1.26062
498,2023-05-09 00:10:26,1.2604600000000001,1.26061
499,2023-05-09 00:10:29,1.26047,1.26062
500,2023-05-09 00:10:32,1.26054,1.2606899999999999
501,2023-05-09 00:10:32,1.26053,1.26068
502,2023-05-09 00:10:33,1.26052,1.26067
503,2023-05-09 00:10:35,1.26048,1.26063
504,2023-05-09 00:10:40,1.26053,1.26068
505,2023-05-09 00:10:42,1.26054,1.2606899999999999
506,2023-05-09 00:10:44,1.26053,1.26068
507,2023-05-09 00:10:47,1.26054,1.2606899999999999
508,2023-05-09 00:10:47,1.26053,1.26068
509,2023-05-09 00:10:48,1.26054,1.2606899999999999
510,2023-05-09 00:10:48,1.26055,1.2607
511,2023-05-09 00:10:48,1.26056,1.26071
512,2023-05-09 00:10:49,1.26055,1.2607
513,2023-05-09 00:10:50,1.26054,1.2606899999999999
514,2023-05-09 00:10:52,1.26055,1.2607
515,2023-05-09 00:10:55,1.26056,1.26071
516,2023-05-09 00:10:58,1.26055,1.2607
517,2023-05-09 00:11:00,1.26055,1.2607
518,2023-05-09 00:11:00,1.26056,1.26071
519,2023-05-09 00:11:01,1.26057,1.26072
520,2023-05-09 00:11:03,1.26063,1.26078
521,2023-05-09 00:11:04,1.2606,1.26075
522,2023-05-09 00:11:05,1.26061,1.2607599999999999
523,2023-05-09 00:11:05,1.26063,1.26078
524,2023-05-09 00:11:10,1.26062,1.26077
525,2023-05-09 00:11:11,1.26064,1.26079
526,2023-05-09 00:11:11,1.26065,1.2608
527,2023-05-09 00:11:15,1.2606600000000001,1.26081
528,2023-05-09 00:11:16,1.26067,1.26082
529,2023-05-09 00:11:17,1.26065,1.2608
530,2023-05-09 00:11:18,1.26064,1.26079
531,2023-05-09 00:11:22,1.2606600000000001,1.26081
532,2023-05-09 00:11:22,1.26064,1.26079
533,2023-05-09 00:11:25,1.26063,1.26078
534,2023-05-09 00:11:25,1.26064,1.26079
535,2023-05-09 00:11:26,1.26065,1.2608
536,2023-05-09 00:11:26,1.26064,1.26079
537,2023-05-09 00:11:27,1.2606600000000001,1.26081
538,2023-05-09 00:11:28,1.26065,1.2608
539,2023-05-09 00:11:31,1.26063,1.26078
540,2023-05-09 00:11:32,1.26064,1.26079
541,2023-05-09 00:11:33,1.26065,1.2608
542,2023-05-09 00:11:37,1.2606,1.26075
543,2023-05-09 00:11:37,1.26061,1.2607599999999999
544,2023-05-09 00:11:39,1.26065,1.2608
545,2023-05-09 00:11:40,1.26062,1.26077
546,2023-05-09 00:11:40,1.26063,1.26078
547,2023-05-09 00:11:40,1.26062,1.26077
548,2023-05-09 00:11:41,1.26063,1.26078
549,2023-05-09 00:11:41,1.26062,1.26077
550,2023-05-09 00:11:44,1.26059,1.26074
551,2023-05-09 00:11:44,1.26057,1.26072
552,2023-05-09 00:11:45,1.26056,1.26071
553,2023-05-09 00:11:46,1.26058,1.2607300000000001
554,2023-05-09 00:11:46,1.26057,1.26072
555,2023-05-09 00:11:46,1.26059,1.26074
556,2023-05-09 00:11:47,1.26061,1.2607599999999999
557,2023-05-09 00:11:52,1.26063,1.26078
558,2023-05-09 00:11:52,1.26062,1.26077
559,2023-05-09 00:11:52,1.2606,1.26075
560,2023-05-09 00:11:53,1.26062,1.26077
561,2023-05-09 00:11:55,1.26061,1.2607599999999999
562,2023-05-09 00:11:55,1.26062,1.26077
563,2023-05-09 00:11:56,1.26061,1.2607599999999999
564,2023-05-09 00:11:58,1.26062,1.26077
565,2023-05-09 00:11:59,1.2606600000000001,1.26081
566,2023-05-09 00:11:59,1.26064,1.26079
567,2023-05-09 00:12:00,1.26064,1.26079
568,2023-05-09 00:12:00,1.26062,1.26077
569,2023-05-09 00:12:00,1.2606,1.26075
570,2023-05-09 00:12:01,1.26061,1.2607599999999999
571,2023-05-09 00:12:07,1.26058,1.2607300000000001
572,2023-05-09 00:12:08,1.2606,1.26075
573,2023-05-09 00:12:10,1.26059,1.26074
574,2023-05-09 00:12:11,1.26058,1.2607300000000001
575,2023-05-09 00:12:12,1.26057,1.26072
576,2023-05-09 00:12:13,1.26058,1.2607300000000001
577,2023-05-09 00:12:17,1.26059,1.26074
578,2023-05-09 00:12:17,1.26058,1.2607300000000001
579,2023-05-09 00:12:18,1.26057,1.26072
580,2023-05-09 00:12:19,1.26058,1.2607300000000001
581,2023-05-09 00:12:20,1.2606,1.26075
582,2023-05-09 00:12:20,1.26061,1.2607599999999999
583,2023-05-09 00:12:20,1.26058,1.2607300000000001
584,2023-05-09 00:12:25,1.26057,1.26072
585,2023-05-09 00:12:27,1.26058,1.2607300000000001
586,2023-05-09 00:12:27,1.26061,1.2607599999999999
587,2023-05-09 00:12:27,1.26058,1.2607300000000001
588,2023-05-09 00:12:28,1.26059,1.26074
589,2023-05-09 00:12:29,1.26061,1.2607599999999999
590,2023-05-09 00:12:29,1.2606,1.26075
591,2023-05-09 00:12:31,1.26061,1.2607599999999999
592,2023-05-09 00:12:31,1.2606,1.26075
593,2023-05-09 00:12:33,1.26059,1.26074
594,2023-05-09 00:12:36,1.2606,1.26075
595,2023-05-09 00:12:38,1.26059,1.26074
596,2023-05-09 00:12:39,1.26058,1.2607300000000001
597,2023-05-09 00:12:39,1.26056,1.26071
598,2023-05-09 00:12:40,1.26055,1.2607
599,2023-05-09 00:12:40,1.26054,1.2606899999999999
600,2023-05-09 00:12:41,1.26053,1.26068
601,2023-05-09 00:12:43,1.26054,1.2606899999999999
602,2023-05-09 00:12:48,1.2604899999999999,1.26064
603,2023-05-09 00:12:50,1.2605,1.26065
604,2023-05-09 00:12:52,1.26051,1.2606600000000001
605,2023-05-09 00:12:52,1.26052,1.26067
606,2023-05-09 00:12:52,1.26051,1.2606600000000001
607,2023-05-09 00:12:53,1.26048,1.26063
608,2023-05-09 00:12:53,1.2604899999999999,1.26064
609,2023-05-09 00:12:55,1.26047,1.26062
610,2023-05-09 00:12:55,1.26045,1.2606
611,2023-05-09 00:12:57,1.26044,1.26059
612,2023-05-09 00:12:58,1.26038,1.26053
613,2023-05-09 00:12:59,1.2604,1.26055
614,2023-05-09 00:12:59,1.26043,1.26058
615,2023-05-09 00:13:00,1.26043,1.26058
616,2023-05-09 00:13:01,1.26044,1.26059
617,2023-05-09 00:13:02,1.26045,1.2606
618,2023-05-09 00:13:03,1.26044,1.26059
619,2023-05-09 00:13:04,1.26045,1.2606
620,2023-05-09 00:13:04,1.26044,1.26059
621,2023-05-09 00:13:05,1.26041,1.26056
622,2023-05-09 00:13:05,1.2604,1.26055
623,2023-05-09 00:13:06,1.26041,1.26056
624,2023-05-09 00:13:08,1.2603900000000001,1.26054
625,2023-05-09 00:13:08,1.26037,1.26052
626,2023-05-09 00:13:09,1.26036,1.26051
627,2023-05-09 00:13:09,1.26037,1.26052
628,2023-05-09 00:13:10,1.2603900000000001,1.26054
629,2023-05-09 00:13:10,1.2604,1.26055
630,2023-05-09 00:13:11,1.26041,1.26056
631,2023-05-09 00:13:12,1.2604199999999999,1.26057
632,2023-05-09 00:13:12,1.26041,1.26056
633,2023-05-09 00:13:13,1.2603900000000001,1.26054
634,2023-05-09 00:13:15,1.26038,1.26053
635,2023-05-09 00:13:16,1.2604199999999999,1.26057
636,2023-05-09 00:13:16,1.26041,1.26056
637,2023-05-09 00:13:16,1.2604199999999999,1.26057
638,2023-05-09 00:13:17,1.26041,1.26056
639,2023-05-09 00:13:18,1.2604199999999999,1.26057
640,2023-05-09 00:13:18,1.26043,1.26058
641,2023-05-09 00:13:18,1.26044,1.26059
642,2023-05-09 00:13:23,1.26047,1.26062
643,2023-05-09 00:13:24,1.2604600000000001,1.26061
644,2023-05-09 00:13:24,1.26044,1.26059
645,2023-05-09 00:13:25,1.26043,1.26058
646,2023-05-09 00:13:25,1.26044,1.26059
647,2023-05-09 00:13:30,1.26045,1.2606
648,2023-05-09 00:13:34,1.26043,1.26058
649,2023-05-09 00:13:42,1.2604199999999999,1.26057
650,2023-05-09 00:13:42,1.26043,1.26058
651,2023-05-09 00:13:43,1.2604199999999999,1.26057
652,2023-05-09 00:13:44,1.26043,1.26058
653,2023-05-09 00:13:44,1.26037,1.26052
654,2023-05-09 00:13:45,1.26036,1.26051
655,2023-05-09 00:13:45,1.26037,1.26052
656,2023-05-09 00:13:45,1.26038,1.26053
657,2023-05-09 00:13:46,1.26037,1.26052
658,2023-05-09 00:13:47,1.2603900000000001,1.26054
659,2023-05-09 00:13:48,1.26037,1.26052
660,2023-05-09 00:13:48,1.2604,1.26055
661,2023-05-09 00:13:49,1.26037,1.26052
662,2023-05-09 00:13:49,1.26035,1.2605
663,2023-05-09 00:13:50,1.26036,1.26051
664,2023-05-09 00:13:53,1.26037,1.26052
665,2023-05-09 00:13:53,1.26036,1.26051
666,2023-05-09 00:13:55,1.26037,1.26052
667,2023-05-09 00:13:56,1.26036,1.26051
668,2023-05-09 00:13:58,1.26035,1.2605
669,2023-05-09 00:14:00,1.26035,1.2605
670,2023-05-09 00:14:02,1.26036,1.26051
671,2023-05-09 00:14:02,1.26035,1.2605
672,2023-05-09 00:14:08,1.26034,1.2604899999999999
673,2023-05-09 00:14:10,1.26036,1.26051
674,2023-05-09 00:14:10,1.26037,1.26052
675,2023-05-09 00:14:10,1.26036,1.26051
676,2023-05-09 00:14:11,1.26038,1.26053
677,2023-05-09 00:14:12,1.26037,1.26052
678,2023-05-09 00:14:13,1.26038,1.26053
679,2023-05-09 00:14:13,1.2603900000000001,1.26054
680,2023-05-09 00:14:15,1.2604,1.26055
681,2023-05-09 00:14:18,1.2604199999999999,1.26057
682,2023-05-09 00:14:20,1.26043,1.26058
683,2023-05-09 00:14:24,1.2604199999999999,1.26057
684,2023-05-09 00:14:25,1.26043,1.26058
685,2023-05-09 00:14:27,1.2604199999999999,1.26057
686,2023-05-09 00:14:28,1.26043,1.26058
687,2023-05-09 00:14:29,1.26044,1.26059
688,2023-05-09 00:14:29,1.2604600000000001,1.26061
689,2023-05-09 00:14:31,1.26045,1.2606
690,2023-05-09 00:14:32,1.26044,1.26059
691,2023-05-09 00:14:34,1.26043,1.26058
692,2023-05-09 00:14:35,1.26041,1.26056
693,2023-05-09 00:14:35,1.26044,1.26059
694,2023-05-09 00:14:37,1.26043,1.26058
695,2023-05-09 00:14:37,1.26041,1.26056
696,2023-05-09 00:14:37,1.2604,1.26055
697,2023-05-09 00:14:41,1.26037,1.26052
698,2023-05-09 00:14:42,1.26036,1.26051
699,2023-05-09 00:14:48,1.26035,1.2605
700,2023-05-09 00:14:48,1.26036,1.26051
701,2023-05-09 00:14:52,1.26037,1.26052
702,2023-05-09 00:14:57,1.2604,1.26055
703,2023-05-09 00:14:57,1.26043,1.26058
704,2023-05-09 00:14:57,1.26044,1.26059
705,2023-05-09 00:14:58,1.26043,1.26058
706,2023-05-09 00:14:59,1.26044,1.26059
707,2023-05-09 00:14:59,1.26045,1.2606
708,2023-05-09 00:14:59,1.2604600000000001,1.26061
709,2023-05-09 00:15:00,1.2604600000000001,1.26061
710,2023-05-09 00:15:00,1.26045,1.2606
711,2023-05-09 00:15:01,1.2604600000000001,1.26061
712,2023-05-09 00:15:01,1.26048,1.26063
713,2023-05-09 00:15:02,1.26053,1.26068
714,2023-05-09 00:15:02,1.26052,1.26067
715,2023-05-09 00:15:02,1.26054,1.2606899999999999
716,2023-05-09 00:15:03,1.26053,1.26068
717,2023-05-09 00:15:03,1.26056,1.26071
718,2023-05-09 00:15:04,1.26055,1.2607
719,2023-05-09 00:15:04,1.26056,1.26071
720,2023-05-09 00:15:06,1.26055,1.2607
721,2023-05-09 00:15:08,1.26053,1.26068
722,2023-05-09 00:15:09,1.26052,1.26067
723,2023-05-09 00:15:09,1.2605,1.26065
724,2023-05-09 00:15:11,1.2604899999999999,1.26064
725,2023-05-09 00:15:12,1.2605,1.26065
726,2023-05-09 00:15:12,1.2604899999999999,1.26064
727,2023-05-09 00:15:15,1.26048,1.26063
728,2023-05-09 00:15:17,1.2604899999999999,1.26064
729,2023-05-09 00:15:18,1.2605,1.26065
730,2023-05-09 00:15:20,1.2604600000000001,1.26061
731,2023-05-09 00:15:20,1.26047,1.26062
732,2023-05-09 00:15:24,1.2604600000000001,1.26061
733,2023-05-09 00:15:24,1.26047,1.26062
734,2023-05-09 00:15:24,1.2604600000000001,1.26061
735,2023-05-09 00:15:28,1.26047,1.26062
736,2023-05-09 00:15:29,1.2604899999999999,1.26064
737,2023-05-09 00:15:29,1.26048,1.26063
738,2023-05-09 00:15:30,1.2604899999999999,1.26064
739,2023-05-09 00:15:31,1.2605,1.26065
740,2023-05-09 00:15:32,1.26054,1.2606899999999999
741,2023-05-09 00:15:33,1.26053,1.26068
742,2023-05-09 00:15:34,1.26054,1.2606899999999999
743,2023-05-09 00:15:34,1.26052,1.26067
744,2023-05-09 00:15:35,1.2605,1.26065
745,2023-05-09 00:15:39,1.26052,1.26067
746,2023-05-09 00:15:40,1.26054,1.2606899999999999
747,2023-05-09 00:15:42,1.26053,1.26068
748,2023-05-09 00:15:44,1.2605,1.26065
749,2023-05-09 00:15:44,1.2604899999999999,1.26064
750,2023-05-09 00:15:46,1.2605,1.26065
751,2023-05-09 00:15:49,1.26051,1.2606600000000001
752,2023-05-09 00:15:49,1.26054,1.2606899999999999
753,2023-05-09 00:15:50,1.26055,1.2607
754,2023-05-09 00:15:53,1.26054,1.2606899999999999
755,2023-05-09 00:15:55,1.26055,1.2607
756,2023-05-09 00:15:56,1.26054,1.2606899999999999
757,2023-05-09 00:15:56,1.26055,1.2607
758,2023-05-09 00:15:56,1.26054,1.2606899999999999
759,2023-05-09 00:15:57,1.26055,1.2607
760,2023-05-09 00:15:57,1.26056,1.26071
761,2023-05-09 00:16:00,1.26056,1.26071
762,2023-05-09 00:16:00,1.26057,1.26072
763,2023-05-09 00:16:01,1.26062,1.26077
764,2023-05-09 00:16:02,1.26063,1.26078
765,2023-05-09 00:16:03,1.2606,1.26075
766,2023-05-09 00:16:03,1.26062,1.26077
767,2023-05-09 00:16:03,1.26061,1.2607599999999999
768,2023-05-09 00:16:05,1.2606,1.26075
769,2023-05-09 00:16:05,1.26061,1.2607599999999999
770,2023-05-09 00:16:06,1.2606,1.26075
771,2023-05-09 00:16:07,1.26061,1.2607599999999999
772,2023-05-09 00:16:08,1.2606,1.26075
773,2023-05-09 00:16:08,1.26061,1.2607599999999999
774,2023-05-09 00:16:10,1.26059,1.26074
775,2023-05-09 00:16:11,1.26061,1.2607599999999999
776,2023-05-09 00:16:12,1.2606,1.26075
777,2023-05-09 00:16:13,1.26061,1.2607599999999999
778,2023-05-09 00:16:14,1.26062,1.26077
779,2023-05-09 00:16:15,1.26064,1.26079
780,2023-05-09 00:16:16,1.26065,1.2608
781,2023-05-09 00:16:16,1.26064,1.26079
782,2023-05-09 00:16:21,1.2606600000000001,1.26081
783,2023-05-09 00:16:21,1.26063,1.26078
784,2023-05-09 00:16:23,1.26064,1.26079
785,2023-05-09 00:16:25,1.26063,1.26078
786,2023-05-09 00:16:26,1.26062,1.26077
787,2023-05-09 00:16:29,1.26063,1.26078
788,2023-05-09 00:16:34,1.26062,1.26077
789,2023-05-09 00:16:34,1.26057,1.26072
790,2023-05-09 00:16:47,1.26056,1.26071
791,2023-05-09 00:16:49,1.26057,1.26072
792,2023-05-09 00:16:50,1.26056,1.26071
793,2023-05-09 00:16:55,1.26057,1.26072
794,2023-05-09 00:16:58,1.26058,1.2607300000000001
795,2023-05-09 00:16:58,1.26057,1.26072
796,2023-05-09 00:17:00,1.26057,1.26072
797,2023-05-09 00:17:02,1.26058,1.2607300000000001
798,2023-05-09 00:17:04,1.26057,1.26072
799,2023-05-09 00:17:11,1.26058,1.2607300000000001
800,2023-05-09 00:17:12,1.26057,1.26072
801,2023-05-09 00:17:16,1.26058,1.2607300000000001
802,2023-05-09 00:17:17,1.26057,1.26072
803,2023-05-09 00:17:21,1.26058,1.2607300000000001
804,2023-05-09 00:17:21,1.26059,1.26074
805,2023-05-09 00:17:22,1.26058,1.2607300000000001
806,2023-05-09 00:17:22,1.26059,1.26074
807,2023-05-09 00:17:22,1.26058,1.2607300000000001
808,2023-05-09 00:17:26,1.26064,1.26079
809,2023-05-09 00:17:26,1.26063,1.26078
810,2023-05-09 00:17:26,1.26061,1.2607599999999999
811,2023-05-09 00:17:27,1.26059,1.26074
812,2023-05-09 00:17:28,1.2606,1.26075
813,2023-05-09 00:17:28,1.26062,1.26077
814,2023-05-09 00:17:28,1.26061,1.2607599999999999
815,2023-05-09 00:17:29,1.2606,1.26075
816,2023-05-09 00:17:30,1.26061,1.2607599999999999
817,2023-05-09 00:17:31,1.26063,1.26078
818,2023-05-09 00:17:32,1.26064,1.26079
819,2023-05-09 00:17:34,1.2606600000000001,1.26081
820,2023-05-09 00:17:37,1.26064,1.26079
821,2023-05-09 00:17:38,1.2606600000000001,1.26081
822,2023-05-09 00:17:38,1.26067,1.26082
823,2023-05-09 00:17:40,1.26065,1.2608
824,2023-05-09 00:17:40,1.26064,1.26079
825,2023-05-09 00:17:41,1.26065,1.2608
826,2023-05-09 00:17:41,1.2606600000000001,1.26081
827,2023-05-09 00:17:42,1.26065,1.2608
828,2023-05-09 00:17:42,1.26064,1.26079
829,2023-05-09 00:17:43,1.2606,1.26075
830,2023-05-09 00:17:44,1.26063,1.26078
831,2023-05-09 00:17:44,1.26062,1.26077
832,2023-05-09 00:17:45,1.2606,1.26075
833,2023-05-09 00:17:45,1.26061,1.2607599999999999
834,2023-05-09 00:17:46,1.26063,1.26078
835,2023-05-09 00:17:47,1.26064,1.26079
836,2023-05-09 00:17:49,1.2606600000000001,1.26081
837,2023-05-09 00:17:51,1.26067,1.26082
838,2023-05-09 00:17:53,1.26064,1.26079
839,2023-05-09 00:17:53,1.26061,1.2607599999999999
840,2023-05-09 00:17:54,1.26062,1.26077
841,2023-05-09 00:17:55,1.26061,1.2607599999999999
842,2023-05-09 00:17:56,1.2606,1.26075
843,2023-05-09 00:17:56,1.26059,1.26074
844,2023-05-09 00:17:58,1.26055,1.2607
845,2023-05-09 00:18:00,1.26055,1.2607
846,2023-05-09 00:18:01,1.26056,1.26071
847,2023-05-09 00:18:01,1.26055,1.2607
848,2023-05-09 00:18:03,1.26056,1.26071
849,2023-05-09 00:18:04,1.26057,1.26072
850,2023-05-09 00:18:04,1.26055,1.2607
851,2023-05-09 00:18:04,1.26057,1.26072
852,2023-05-09 00:18:08,1.26058,1.2607300000000001
853,2023-05-09 00:18:10,1.26059,1.26074
854,2023-05-09 00:18:11,1.26058,1.2607300000000001
855,2023-05-09 00:18:11,1.26059,1.26074
856,2023-05-09 00:18:11,1.26058,1.2607300000000001
857,2023-05-09 00:18:15,1.26065,1.2608
858,2023-05-09 00:18:22,1.2606600000000001,1.26081
859,2023-05-09 00:18:24,1.26065,1.2608
860,2023-05-09 00:18:26,1.2606600000000001,1.26081
861,2023-05-09 00:18:28,1.26068,1.26083
862,2023-05-09 00:18:28,1.26067,1.26082
863,2023-05-09 00:18:34,1.2606600000000001,1.26081
864,2023-05-09 00:18:38,1.26065,1.2608
865,2023-05-09 00:18:38,1.26064,1.26079
866,2023-05-09 00:18:40,1.26065,1.2608
867,2023-05-09 00:18:46,1.26064,1.26079
868,2023-05-09 00:18:48,1.26065,1.2608
869,2023-05-09 00:18:48,1.26064,1.26079
870,2023-05-09 00:18:50,1.26065,1.2608
871,2023-05-09 00:18:51,1.2606600000000001,1.26081
872,2023-05-09 00:18:55,1.26067,1.26082
873,2023-05-09 00:18:56,1.2606600000000001,1.26081
874,2023-05-09 00:19:00,1.26065,1.2608
875,2023-05-09 00:19:00,1.2606600000000001,1.26081
876,2023-05-09 00:19:04,1.26067,1.26082
877,2023-05-09 00:19:06,1.2606600000000001,1.26081
878,2023-05-09 00:19:10,1.26067,1.26082
879,2023-05-09 00:19:18,1.2607300000000001,1.26088
880,2023-05-09 00:19:18,1.26071,1.26086
881,2023-05-09 00:19:19,1.26072,1.26087
882,2023-05-09 00:19:20,1.26071,1.26086
883,2023-05-09 00:19:21,1.26072,1.26087
884,2023-05-09 00:19:22,1.2607300000000001,1.26088
885,2023-05-09 00:19:23,1.26075,1.2609
886,2023-05-09 00:19:30,1.2607599999999999,1.26091
887,2023-05-09 00:19:30,1.26075,1.2609
888,2023-05-09 00:19:30,1.26074,1.26089
889,2023-05-09 00:19:31,1.26072,1.26087
890,2023-05-09 00:19:32,1.2607300000000001,1.26088
891,2023-05-09 00:19:32,1.26074,1.26089
892,2023-05-09 00:19:33,1.2607300000000001,1.26088
893,2023-05-09 00:19:34,1.26072,1.26087
894,2023-05-09 00:19:34,1.2607300000000001,1.26088
895,2023-05-09 00:19:34,1.26072,1.26087
896,2023-05-09 00:19:37,1.26071,1.26086
897,2023-05-09 00:19:39,1.26072,1.26087
898,2023-05-09 00:19:40,1.26074,1.26089
899,2023-05-09 00:19:40,1.26072,1.26087
900,2023-05-09 00:19:40,1.26071,1.26086
901,2023-05-09 00:19:41,1.2606899999999999,1.26084
902,2023-05-09 00:19:41,1.2607,1.26085
903,2023-05-09 00:19:42,1.2606899999999999,1.26084
904,2023-05-09 00:19:42,1.2607,1.26085
905,2023-05-09 00:19:44,1.2607300000000001,1.26088
906,2023-05-09 00:19:50,1.26077,1.26092
907,2023-05-09 00:19:50,1.2607599999999999,1.26091
908,2023-05-09 00:19:54,1.26077,1.26092
909,2023-05-09 00:19:58,1.26078,1.26093
910,2023-05-09 00:19:58,1.26083,1.26098
911,2023-05-09 00:19:58,1.26081,1.26096
912,2023-05-09 00:20:00,1.26081,1.26096
913,2023-05-09 00:20:00,1.26083,1.26098
914,2023-05-09 00:20:04,1.26081,1.26096
915,2023-05-09 00:20:04,1.26082,1.26097
916,2023-05-09 00:20:04,1.26085,1.2610000000000001
917,2023-05-09 00:20:05,1.26084,1.26099
918,2023-05-09 00:20:11,1.26083,1.26098
919,2023-05-09 00:20:14,1.26084,1.26099
920,2023-05-09 00:20:14,1.26083,1.26098
921,2023-05-09 00:20:15,1.26081,1.26096
922,2023-05-09 00:20:19,1.26082,1.26097
923,2023-05-09 00:20:19,1.26081,1.26096
924,2023-05-09 00:20:21,1.26079,1.26094
925,2023-05-09 00:20:21,1.26083,1.26098
926,2023-05-09 00:20:21,1.26082,1.26097
927,2023-05-09 00:20:22,1.26081,1.26096
928,2023-05-09 00:20:22,1.2608,1.26095
929,2023-05-09 00:20:24,1.26081,1.26096
930,2023-05-09 00:20:25,1.2608,1.26095
931,2023-05-09 00:20:25,1.26077,1.26092
932,2023-05-09 00:20:25,1.26078,1.26093
933,2023-05-09 00:20:28,1.26079,1.26094
934,2023-05-09 00:20:28,1.2608,1.26095
935,2023-05-09 00:20:29,1.26081,1.26096
936,2023-05-09 00:20:29,1.2608,1.26095
937,2023-05-09 00:20:32,1.26079,1.26094
938,2023-05-09 00:20:33,1.26082,1.26097
939,2023-05-09 00:20:33,1.26083,1.26098
940,2023-05-09 00:20:42,1.26082,1.26097
941,2023-05-09 00:20:42,1.2608,1.26095
942,2023-05-09 00:20:44,1.26081,1.26096
943,2023-05-09 00:20:45,1.2608,1.26095
944,2023-05-09 00:20:46,1.26079,1.26094
945,2023-05-09 00:20:48,1.26081,1.26096
946,2023-05-09 00:20:48,1.2608,1.26095
947,2023-05-09 00:20:54,1.26079,1.26094
948,2023-05-09 00:20:54,1.26081,1.26096
949,2023-05-09 00:20:54,1.2608,1.26095
950,2023-05-09 00:20:55,1.26078,1.26093
951,2023-05-09 00:20:58,1.26079,1.26094
952,2023-05-09 00:20:58,1.2608,1.26095
953,2023-05-09 00:20:58,1.26081,1.26096
954,2023-05-09 00:20:59,1.2608,1.26095
955,2023-05-09 00:21:00,1.26081,1.26096
956,2023-05-09 00:21:00,1.26083,1.26098
957,2023-05-09 00:21:07,1.26084,1.26099
958,2023-05-09 00:21:07,1.26085,1.2610000000000001
959,2023-05-09 00:21:07,1.26084,1.26099
960,2023-05-09 00:21:10,1.26085,1.2610000000000001
961,2023-05-09 00:21:11,1.26084,1.26099
962,2023-05-09 00:21:16,1.26082,1.26097
963,2023-05-09 00:21:17,1.26083,1.26098
964,2023-05-09 00:21:22,1.26084,1.26099
965,2023-05-09 00:21:36,1.26083,1.26098
966,2023-05-09 00:21:39,1.26084,1.26099
967,2023-05-09 00:21:40,1.26083,1.26098
968,2023-05-09 00:21:43,1.26084,1.26099
969,2023-05-09 00:21:44,1.26083,1.26098
970,2023-05-09 00:21:49,1.26084,1.26099
971,2023-05-09 00:21:56,1.26083,1.26098
972,2023-05-09 00:21:59,1.26084,1.26099
973,2023-05-09 00:22:00,1.26084,1.26099
974,2023-05-09 00:22:02,1.26078,1.26093
975,2023-05-09 00:22:02,1.26081,1.26096
976,2023-05-09 00:22:02,1.26083,1.26098
977,2023-05-09 00:22:03,1.26082,1.26097
978,2023-05-09 00:22:03,1.26083,1.26098
979,2023-05-09 00:22:07,1.2608,1.26095
980,2023-05-09 00:22:07,1.26084,1.26099
981,2023-05-09 00:22:10,1.26085,1.2610000000000001
982,2023-05-09 00:22:16,1.26084,1.26099
983,2023-05-09 00:22:20,1.26085,1.2610000000000001
984,2023-05-09 00:22:20,1.26084,1.26099
985,2023-05-09 00:22:25,1.26083,1.26098
986,2023-05-09 00:22:27,1.26084,1.26099
987,2023-05-09 00:22:27,1.26085,1.2610000000000001
988,2023-05-09 00:22:30,1.26083,1.26098
989,2023-05-09 00:22:31,1.2608,1.26095
990,2023-05-09 00:22:31,1.26078,1.26093
991,2023-05-09 00:22:37,1.2607599999999999,1.26091
992,2023-05-09 00:22:41,1.26077,1.26092
993,2023-05-09 00:22:42,1.2607599999999999,1.26091
994,2023-05-09 00:22:43,1.26077,1.26092
995,2023-05-09 00:22:45,1.26078,1.26093
996,2023-05-09 00:22:47,1.2607599999999999,1.26091
997,2023-05-09 00:22:47,1.26075,1.2609
998,2023-05-09 00:22:47,1.26071,1.26086
999,2023-05-09 00:22:47,1.26068,1.26083
1000,2023-05-09 00:22:49,1.2606899999999999,1.26084
1001,2023-05-09 00:22:51,1.26068,1.26083
1002,2023-05-09 00:22:53,1.2606899999999999,1.26084
1003,2023-05-09 00:22:55,1.26068,1.26083
1004,2023-05-09 00:22:57,1.2606600000000001,1.26081
1005,2023-05-09 00:22:58,1.26067,1.26082
1006,2023-05-09 00:23:00,1.26067,1.26082
1007,2023-05-09 00:23:00,1.2606600000000001,1.26081
1008,2023-05-09 00:23:08,1.26067,1.26082
1009,2023-05-09 00:23:11,1.26068,1.26083
1010,2023-05-09 00:23:11,1.26067,1.26082
1011,2023-05-09 00:23:13,1.26068,1.26083
1012,2023-05-09 00:23:13,1.26067,1.26082
1013,2023-05-09 00:23:21,1.2606600000000001,1.26081
1014,2023-05-09 00:23:23,1.26065,1.2608
1015,2023-05-09 00:23:25,1.2606600000000001,1.26081
1016,2023-05-09 00:23:26,1.26065,1.2608
1017,2023-05-09 00:23:29,1.26064,1.26079
1018,2023-05-09 00:23:30,1.26063,1.26078
1019,2023-05-09 00:23:30,1.26064,1.26079
1020,2023-05-09 00:23:37,1.2606600000000001,1.26081
1021,2023-05-09 00:23:40,1.26065,1.2608
1022,2023-05-09 00:23:41,1.2606600000000001,1.26081
1023,2023-05-09 00:23:46,1.26067,1.26082
1024,2023-05-09 00:23:46,1.2606600000000001,1.26081
1025,2023-05-09 00:23:47,1.26067,1.26082
1026,2023-05-09 00:23:48,1.2606600000000001,1.26081
1027,2023-05-09 00:23:50,1.26067,1.26082
1028,2023-05-09 00:23:53,1.26068,1.26083
1029,2023-05-09 00:23:53,1.2606899999999999,1.26084
1030,2023-05-09 00:23:54,1.26068,1.26083
1031,2023-05-09 00:23:55,1.2607300000000001,1.26088
1032,2023-05-09 00:23:56,1.26071,1.26086
1033,2023-05-09 00:23:56,1.2607,1.26085
1034,2023-05-09 00:23:58,1.2606899999999999,1.26084
1035,2023-05-09 00:24:00,1.2606899999999999,1.26084
1036,2023-05-09 00:24:06,1.26067,1.26082
1037,2023-05-09 00:24:08,1.26068,1.26083
1038,2023-05-09 00:24:08,1.26067,1.26082
1039,2023-05-09 00:24:11,1.2606600000000001,1.26081
1040,2023-05-09 00:24:17,1.26067,1.26082
1041,2023-05-09 00:24:22,1.26065,1.2608
1042,2023-05-09 00:24:22,1.26071,1.26086
1043,2023-05-09 00:24:23,1.26072,1.26087
1044,2023-05-09 00:24:23,1.2607,1.26085
1045,2023-05-09 00:24:24,1.2606899999999999,1.26084
1046,2023-05-09 00:24:26,1.2607,1.26085
1047,2023-05-09 00:24:28,1.26068,1.26083
1048,2023-05-09 00:24:29,1.2606899999999999,1.26084
1049,2023-05-09 00:24:31,1.2607,1.26085
1050,2023-05-09 00:24:31,1.26072,1.26087
1051,2023-05-09 00:24:31,1.2607300000000001,1.26088
1052,2023-05-09 00:24:32,1.2606899999999999,1.26084
1053,2023-05-09 00:24:32,1.26068,1.26083
1054,2023-05-09 00:24:35,1.26067,1.26082
1055,2023-05-09 00:24:43,1.26068,1.26083
1056,2023-05-09 00:24:45,1.2607,1.26085
1057,2023-05-09 00:24:46,1.26071,1.26086
1058,2023-05-09 00:24:46,1.26072,1.26087
1059,2023-05-09 00:24:47,1.26071,1.26086
1060,2023-05-09 00:24:47,1.26072,1.26087
1061,2023-05-09 00:24:49,1.26071,1.26086
1062,2023-05-09 00:24:50,1.26072,1.26087
1063,2023-05-09 00:24:51,1.2607300000000001,1.26088
1064,2023-05-09 00:24:52,1.26072,1.26087
1065,2023-05-09 00:24:52,1.2607300000000001,1.26088
1066,2023-05-09 00:24:52,1.26075,1.2609
1067,2023-05-09 00:24:56,1.2607599999999999,1.26091
1068,2023-05-09 00:24:59,1.26077,1.26092
1069,2023-05-09 00:25:00,1.26077,1.26092
1070,2023-05-09 00:25:01,1.2607599999999999,1.26091
1071,2023-05-09 00:25:07,1.26077,1.26092
1072,2023-05-09 00:25:07,1.2607599999999999,1.26091
1073,2023-05-09 00:25:08,1.26075,1.2609
1074,2023-05-09 00:25:09,1.2607599999999999,1.26091
1075,2023-05-09 00:25:13,1.26077,1.26092
1076,2023-05-09 00:25:16,1.2607599999999999,1.26091
1077,2023-05-09 00:25:21,1.26077,1.26092
1078,2023-05-09 00:25:29,1.2607599999999999,1.26091
1079,2023-05-09 00:25:30,1.26075,1.2609
1080,2023-05-09 00:25:32,1.2607599999999999,1.26091
1081,2023-05-09 00:25:33,1.26075,1.2609
1082,2023-05-09 00:25:33,1.2607599999999999,1.26091
1083,2023-05-09 00:25:35,1.26075,1.2609
1084,2023-05-09 00:25:37,1.2607599999999999,1.26091
1085,2023-05-09 00:25:39,1.26075,1.2609
1086,2023-05-09 00:25:39,1.2607599999999999,1.26091
1087,2023-05-09 00:25:44,1.26077,1.26092
1088,2023-05-09 00:25:48,1.26078,1.26093
1089,2023-05-09 00:25:48,1.26077,1.26092
1090,2023-05-09 00:25:53,1.26078,1.26093
1091,2023-05-09 00:25:53,1.2608,1.26095
1092,2023-05-09 00:25:54,1.26086,1.26101
1093,2023-05-09 00:25:58,1.26085,1.2610000000000001
1094,2023-05-09 00:26:00,1.26085,1.2610000000000001
1095,2023-05-09 00:26:00,1.26084,1.26099
1096,2023-05-09 00:26:09,1.26086,1.26101
1097,2023-05-09 00:26:10,1.26085,1.2610000000000001
1098,2023-05-09 00:26:14,1.26083,1.26098
1099,2023-05-09 00:26:15,1.26082,1.26097
1100,2023-05-09 00:26:17,1.26083,1.26098
1101,2023-05-09 00:26:20,1.26084,1.26099
1102,2023-05-09 00:26:20,1.26081,1.26096
1103,2023-05-09 00:26:20,1.2608,1.26095
1104,2023-05-09 00:26:23,1.26081,1.26096
1105,2023-05-09 00:26:25,1.26077,1.26092
1106,2023-05-09 00:26:26,1.2607599999999999,1.26091
1107,2023-05-09 00:26:30,1.26075,1.2609
1108,2023-05-09 00:26:30,1.2607599999999999,1.26091
1109,2023-05-09 00:26:36,1.26077,1.26092
1110,2023-05-09 00:26:38,1.2607599999999999,1.26091
1111,2023-05-09 00:26:41,1.26075,1.2609
1112,2023-05-09 00:26:41,1.2607599999999999,1.26091
1113,2023-05-09 00:26:42,1.26077,1.26092
1114,2023-05-09 00:26:42,1.2607599999999999,1.26091
1115,2023-05-09 00:26:42,1.26077,1.26092
1116,2023-05-09 00:26:46,1.26081,1.26096
1117,2023-05-09 00:26:47,1.26077,1.26092
1118,2023-05-09 00:26:47,1.2607599999999999,1.26091
1119,2023-05-09 00:26:48,1.26077,1.26092
1120,2023-05-09 00:26:50,1.2607599999999999,1.26091
1121,2023-05-09 00:26:51,1.26075,1.2609
1122,2023-05-09 00:26:51,1.26074,1.26089
1123,2023-05-09 00:26:56,1.26075,1.2609
1124,2023-05-09 00:26:56,1.2607599999999999,1.26091
1125,2023-05-09 00:27:00,1.2607599999999999,1.26091
1126,2023-05-09 00:27:00,1.26075,1.2609
1127,2023-05-09 00:27:01,1.26074,1.26089
1128,2023-05-09 00:27:03,1.26075,1.2609
1129,2023-05-09 00:27:03,1.2607599999999999,1.26091
1130,2023-05-09 00:27:10,1.26075,1.2609
1131,2023-05-09 00:27:11,1.26072,1.26087
1132,2023-05-09 00:27:11,1.2606899999999999,1.26084
1133,2023-05-09 00:27:12,1.26071,1.26086
1134,2023-05-09 00:27:19,1.26072,1.26087
1135,2023-05-09 00:27:21,1.26068,1.26083
1136,2023-05-09 00:27:22,1.26067,1.26082
1137,2023-05-09 00:27:27,1.26068,1.26083
1138,2023-05-09 00:27:28,1.26067,1.26082
1139,2023-05-09 00:27:29,1.2607,1.26085
1140,2023-05-09 00:27:29,1.2606899999999999,1.26084
1141,2023-05-09 00:27:30,1.26068,1.26083
1142,2023-05-09 00:27:31,1.2607,1.26085
1143,2023-05-09 00:27:33,1.26071,1.26086
1144,2023-05-09 00:27:35,1.2607300000000001,1.26088
1145,2023-05-09 00:27:37,1.26074,1.26089
1146,2023-05-09 00:27:37,1.26075,1.2609
1147,2023-05-09 00:27:41,1.2607300000000001,1.26088
1148,2023-05-09 00:27:42,1.26072,1.26087
1149,2023-05-09 00:27:44,1.2607300000000001,1.26088
1150,2023-05-09 00:27:55,1.26074,1.26089
1151,2023-05-09 00:27:55,1.2606899999999999,1.26084
1152,2023-05-09 00:27:56,1.2607,1.26085
1153,2023-05-09 00:27:56,1.26071,1.26086
1154,2023-05-09 00:27:57,1.26074,1.26089
1155,2023-05-09 00:28:00,1.26074,1.26089
1156,2023-05-09 00:28:04,1.26077,1.26092
1157,2023-05-09 00:28:04,1.2607599999999999,1.26091
1158,2023-05-09 00:28:04,1.26075,1.2609
1159,2023-05-09 00:28:07,1.2607599999999999,1.26091
1160,2023-05-09 00:28:11,1.26077,1.26092
1161,2023-05-09 00:28:12,1.2607599999999999,1.26091
1162,2023-05-09 00:28:19,1.26075,1.2609
1163,2023-05-09 00:28:30,1.26074,1.26089
1164,2023-05-09 00:28:43,1.2607599999999999,1.26091
1165,2023-05-09 00:28:44,1.26077,1.26092
1166,2023-05-09 00:28:46,1.2607599999999999,1.26091
1167,2023-05-09 00:28:46,1.26077,1.26092
1168,2023-05-09 00:28:46,1.2607599999999999,1.26091
1169,2023-05-09 00:29:00,1.2607599999999999,1.26091
1170,2023-05-09 00:29:00,1.26075,1.2609
1171,2023-05-09 00:29:03,1.26077,1.26092
1172,2023-05-09 00:29:13,1.2607599999999999,1.26091
1173,2023-05-09 00:29:14,1.26077,1.26092
1174,2023-05-09 00:29:15,1.2607599999999999,1.26091
1175,2023-05-09 00:29:16,1.26077,1.26092
1176,2023-05-09 00:29:17,1.2607300000000001,1.26088
1177,2023-05-09 00:29:18,1.2607,1.26085
1178,2023-05-09 00:29:18,1.26065,1.2608
1179,2023-05-09 00:29:19,1.2606600000000001,1.26081
1180,2023-05-09 00:29:20,1.26071,1.26086
1181,2023-05-09 00:29:20,1.2607300000000001,1.26088
1182,2023-05-09 00:29:22,1.26074,1.26089
1183,2023-05-09 00:29:25,1.26075,1.2609
1184,2023-05-09 00:29:25,1.26074,1.26089
1185,2023-05-09 00:29:25,1.26075,1.2609
1186,2023-05-09 00:29:26,1.2607599999999999,1.26091
1187,2023-05-09 00:29:27,1.26077,1.26092
1188,2023-05-09 00:29:30,1.2607599999999999,1.26091
1189,2023-05-09 00:29:30,1.26075,1.2609
1190,2023-05-09 00:29:30,1.2607599999999999,1.26091
1191,2023-05-09 00:29:36,1.26075,1.2609
1192,2023-05-09 00:29:37,1.26074,1.26089
1193,2023-05-09 00:29:43,1.26075,1.2609
1194,2023-05-09 00:29:43,1.2607599999999999,1.26091
1195,2023-05-09 00:29:46,1.26075,1.2609
1196,2023-05-09 00:29:47,1.2607599999999999,1.26091
1197,2023-05-09 00:29:47,1.26075,1.2609
1198,2023-05-09 00:29:53,1.2607599999999999,1.26091
1199,2023-05-09 00:29:53,1.26077,1.26092
1200,2023-05-09 00:29:54,1.2607599999999999,1.26091
1201,2023-05-09 00:29:59,1.26077,1.26092
1202,2023-05-09 00:30:00,1.26077,1.26092
1203,2023-05-09 00:30:00,1.2607599999999999,1.26091
1204,2023-05-09 00:30:01,1.26077,1.26092
1205,2023-05-09 00:30:01,1.26078,1.26093
1206,2023-05-09 00:30:03,1.26081,1.26096
1207,2023-05-09 00:30:03,1.2607599999999999,1.26091
1208,2023-05-09 00:30:07,1.26077,1.26092
1209,2023-05-09 00:30:08,1.2607599999999999,1.26091
1210,2023-05-09 00:30:09,1.26079,1.26094
1211,2023-05-09 00:30:11,1.2608,1.26095
1212,2023-05-09 00:30:14,1.26083,1.26098
1213,2023-05-09 00:30:14,1.26084,1.26099
1214,2023-05-09 00:30:15,1.26081,1.26096
1215,2023-05-09 00:30:16,1.2608,1.26095
1216,2023-05-09 00:30:16,1.26082,1.26097
1217,2023-05-09 00:30:17,1.26084,1.26099
1218,2023-05-09 00:30:17,1.26086,1.26101
1219,2023-05-09 00:30:19,1.26087,1.26102
1220,2023-05-09 00:30:20,1.26088,1.2610299999999999
1221,2023-05-09 00:30:24,1.26086,1.26101
1222,2023-05-09 00:30:26,1.26085,1.2610000000000001
1223,2023-05-09 00:30:27,1.26084,1.26099
1224,2023-05-09 00:30:29,1.26085,1.2610000000000001
1225,2023-05-09 00:30:30,1.26084,1.26099
1226,2023-05-09 00:30:30,1.2608,1.26095
1227,2023-05-09 00:30:31,1.26079,1.26094
1228,2023-05-09 00:30:31,1.2608,1.26095
1229,2023-05-09 00:30:31,1.26081,1.26096
1230,2023-05-09 00:30:32,1.2608,1.26095
1231,2023-05-09 00:30:33,1.26081,1.26096
1232,2023-05-09 00:30:40,1.2608,1.26095
1233,2023-05-09 00:30:46,1.26084,1.26099
1234,2023-05-09 00:31:00,1.26084,1.26099
1235,2023-05-09 00:31:03,1.26086,1.26101
1236,2023-05-09 00:31:03,1.26088,1.2610299999999999
1237,2023-05-09 00:31:16,1.26089,1.26104
1238,2023-05-09 00:31:16,1.26088,1.2610299999999999
1239,2023-05-09 00:31:22,1.26087,1.26102
1240,2023-05-09 00:31:23,1.26088,1.2610299999999999
1241,2023-05-09 00:31:23,1.26087,1.26102
1242,2023-05-09 00:31:24,1.26086,1.26101
1243,2023-05-09 00:31:26,1.26087,1.26102
1244,2023-05-09 00:31:37,1.26086,1.26101
1245,2023-05-09 00:31:42,1.2609,1.26105
1246,2023-05-09 00:31:43,1.26088,1.2610299999999999
1247,2023-05-09 00:31:43,1.26086,1.26101
1248,2023-05-09 00:31:43,1.26087,1.26102
1249,2023-05-09 00:31:50,1.26086,1.26101
1250,2023-05-09 00:31:51,1.26087,1.26102
1251,2023-05-09 00:31:54,1.26086,1.26101
1252,2023-05-09 00:31:57,1.26087,1.26102
1253,2023-05-09 00:32:00,1.26087,1.26102
1254,2023-05-09 00:32:00,1.26086,1.26101
1255,2023-05-09 00:32:02,1.26087,1.26102
1256,2023-05-09 00:32:03,1.26088,1.2610299999999999
1257,2023-05-09 00:32:04,1.26089,1.26104
1258,2023-05-09 00:32:05,1.26088,1.2610299999999999
1259,2023-05-09 00:32:05,1.26087,1.26102
1260,2023-05-09 00:32:07,1.26088,1.2610299999999999
1261,2023-05-09 00:32:07,1.26091,1.26106
1262,2023-05-09 00:32:07,1.26087,1.26102
1263,2023-05-09 00:32:07,1.26088,1.2610299999999999
1264,2023-05-09 00:32:19,1.26089,1.26104
1265,2023-05-09 00:32:20,1.26087,1.26102
1266,2023-05-09 00:32:25,1.26086,1.26101
1267,2023-05-09 00:32:25,1.26085,1.2610000000000001
1268,2023-05-09 00:32:44,1.26084,1.26099
1269,2023-05-09 00:32:44,1.26079,1.26094
1270,2023-05-09 00:32:47,1.2608,1.26095
1271,2023-05-09 00:32:50,1.26082,1.26097
1272,2023-05-09 00:32:53,1.26083,1.26098
1273,2023-05-09 00:32:55,1.26081,1.26096
1274,2023-05-09 00:32:55,1.2608,1.26095
1275,2023-05-09 00:32:59,1.26079,1.26094
1276,2023-05-09 00:33:00,1.26079,1.26094
1277,2023-05-09 00:33:01,1.26078,1.26093
1278,2023-05-09 00:33:01,1.2607599999999999,1.26091
1279,2023-05-09 00:33:01,1.26077,1.26092
1280,2023-05-09 00:33:02,1.26078,1.26093
1281,2023-05-09 00:33:04,1.26079,1.26094
1282,2023-05-09 00:33:05,1.26077,1.26092
1283,2023-05-09 00:33:12,1.2607599999999999,1.26091
1284,2023-05-09 00:33:16,1.26075,1.2609
1285,2023-05-09 00:33:16,1.26074,1.26089
1286,2023-05-09 00:33:20,1.2607300000000001,1.26088
1287,2023-05-09 00:33:25,1.26072,1.26087
1288,2023-05-09 00:33:25,1.2607,1.26085
1289,2023-05-09 00:33:26,1.26072,1.26087
1290,2023-05-09 00:33:27,1.2607300000000001,1.26088
1291,2023-05-09 00:33:30,1.26075,1.2609
1292,2023-05-09 00:33:36,1.26077,1.26092
1293,2023-05-09 00:33:36,1.26078,1.26093
1294,2023-05-09 00:33:37,1.26077,1.26092
1295,2023-05-09 00:33:37,1.26078,1.26093
1296,2023-05-09 00:33:37,1.2608,1.26095
1297,2023-05-09 00:33:38,1.26078,1.26093
1298,2023-05-09 00:33:38,1.26077,1.26092
1299,2023-05-09 00:33:39,1.26079,1.26094
1300,2023-05-09 00:33:40,1.26078,1.26093
1301,2023-05-09 00:33:40,1.26079,1.26094
1302,2023-05-09 00:33:42,1.2608,1.26095
1303,2023-05-09 00:33:43,1.26081,1.26096
1304,2023-05-09 00:33:44,1.2608,1.26095
1305,2023-05-09 00:33:45,1.26079,1.26094
1306,2023-05-09 00:33:47,1.26078,1.26093
1307,2023-05-09 00:33:48,1.26079,1.26094
1308,2023-05-09 00:33:49,1.26078,1.26093
1309,2023-05-09 00:33:50,1.2608,1.26095
1310,2023-05-09 00:33:51,1.26079,1.26094
1311,2023-05-09 00:33:52,1.2608,1.26095
1312,2023-05-09 00:33:53,1.26079,1.26094
1313,2023-05-09 00:33:54,1.2608,1.26095
1314,2023-05-09 00:33:56,1.26077,1.26092
1315,2023-05-09 00:33:58,1.26078,1.26093
1316,2023-05-09 00:33:58,1.26077,1.26092
1317,2023-05-09 00:34:00,1.26077,1.26092
1318,2023-05-09 00:34:16,1.26078,1.26093
1319,2023-05-09 00:34:20,1.26077,1.26092
1320,2023-05-09 00:34:23,1.26078,1.26093
1321,2023-05-09 00:34:23,1.26077,1.26092
1322,2023-05-09 00:34:30,1.26078,1.26093
1323,2023-05-09 00:34:31,1.26077,1.26092
1324,2023-05-09 00:34:31,1.26078,1.26093
1325,2023-05-09 00:34:32,1.26077,1.26092
1326,2023-05-09 00:34:34,1.26078,1.26093
1327,2023-05-09 00:34:35,1.26077,1.26092
1328,2023-05-09 00:34:35,1.26078,1.26093
1329,2023-05-09 00:34:36,1.2607599999999999,1.26091
1330,2023-05-09 00:34:42,1.26077,1.26092
1331,2023-05-09 00:34:42,1.2607599999999999,1.26091
1332,2023-05-09 00:34:47,1.26077,1.26092
1333,2023-05-09 00:34:49,1.2607599999999999,1.26091
1334,2023-05-09 00:34:54,1.26075,1.2609
1335,2023-05-09 00:35:00,1.26075,1.2609
1336,2023-05-09 00:35:05,1.2607599999999999,1.26091
1337,2023-05-09 00:35:15,1.26077,1.26092
1338,2023-05-09 00:35:21,1.2607599999999999,1.26091
1339,2023-05-09 00:35:24,1.26077,1.26092
1340,2023-05-09 00:35:25,1.2607599999999999,1.26091
1341,2023-05-09 00:35:27,1.26075,1.2609
1342,2023-05-09 00:35:35,1.2607599999999999,1.26091
1343,2023-05-09 00:35:41,1.26078,1.26093
1344,2023-05-09 00:35:42,1.26077,1.26092
1345,2023-05-09 00:35:47,1.2607599999999999,1.26091
1346,2023-05-09 00:35:52,1.26075,1.2609
1347,2023-05-09 00:35:57,1.26074,1.26089
1348,2023-05-09 00:35:58,1.2607300000000001,1.26088
1349,2023-05-09 00:36:00,1.2607300000000001,1.26088
1350,2023-05-09 00:36:06,1.26072,1.26087
1351,2023-05-09 00:36:11,1.2607300000000001,1.26088
1352,2023-05-09 00:36:12,1.26072,1.26087
1353,2023-05-09 00:36:16,1.2607300000000001,1.26088
1354,2023-05-09 00:36:17,1.26071,1.26086
1355,2023-05-09 00:36:18,1.26068,1.26083
1356,2023-05-09 00:36:18,1.2607,1.26085
1357,2023-05-09 00:36:26,1.26068,1.26083
1358,2023-05-09 00:36:26,1.2606899999999999,1.26084
1359,2023-05-09 00:36:27,1.26067,1.26082
1360,2023-05-09 00:36:27,1.2606600000000001,1.26081
1361,2023-05-09 00:36:29,1.26065,1.2608
1362,2023-05-09 00:37:00,1.26065,1.2608
1363,2023-05-09 00:37:04,1.26063,1.26078
1364,2023-05-09 00:37:05,1.26064,1.26079
1365,2023-05-09 00:37:15,1.26065,1.2608
1366,2023-05-09 00:37:21,1.2606600000000001,1.26081
1367,2023-05-09 00:37:26,1.26067,1.26082
1368,2023-05-09 00:37:27,1.2606600000000001,1.26081
1369,2023-05-09 00:37:28,1.26064,1.26079
1370,2023-05-09 00:37:30,1.26065,1.2608
1371,2023-05-09 00:37:32,1.2606600000000001,1.26081
1372,2023-05-09 00:37:32,1.26065,1.2608
1373,2023-05-09 00:37:41,1.2606600000000001,1.26081
1374,2023-05-09 00:37:48,1.26064,1.26079
1375,2023-05-09 00:37:48,1.2606600000000001,1.26081
1376,2023-05-09 00:37:59,1.26065,1.2608
1377,2023-05-09 00:37:59,1.2606600000000001,1.26081
1378,2023-05-09 00:37:59,1.26067,1.26082
1379,2023-05-09 00:38:00,1.26067,1.26082
1380,2023-05-09 00:38:01,1.2606600000000001,1.26081
1381,2023-05-09 00:38:05,1.26067,1.26082
1382,2023-05-09 00:38:09,1.2606600000000001,1.26081
1383,2023-05-09 00:38:12,1.26065,1.2608
1384,2023-05-09 00:38:14,1.2606600000000001,1.26081
1385,2023-05-09 00:38:15,1.26067,1.26082
1386,2023-05-09 00:38:19,1.26075,1.2609
1387,2023-05-09 00:38:25,1.2607599999999999,1.26091
1388,2023-05-09 00:38:28,1.26077,1.26092
1389,2023-05-09 00:38:35,1.2607599999999999,1.26091
1390,2023-05-09 00:38:36,1.26077,1.26092
1391,2023-05-09 00:38:39,1.2607599999999999,1.26091
1392,2023-05-09 00:38:39,1.26074,1.26089
1393,2023-05-09 00:38:41,1.26075,1.2609
1394,2023-05-09 00:38:47,1.26074,1.26089
1395,2023-05-09 00:38:49,1.26075,1.2609
1396,2023-05-09 00:38:52,1.2607599999999999,1.26091
1397,2023-05-09 00:38:58,1.26077,1.26092
1398,2023-05-09 00:39:00,1.26077,1.26092
1399,2023-05-09 00:39:29,1.2607599999999999,1.26091
1400,2023-05-09 00:39:40,1.26077,1.26092
1401,2023-05-09 00:39:40,1.2607599999999999,1.26091
1402,2023-05-09 00:39:40,1.26074,1.26089
1403,2023-05-09 00:39:43,1.2607300000000001,1.26088
1404,2023-05-09 00:39:50,1.26071,1.26086
1405,2023-05-09 00:39:51,1.2607,1.26085
1406,2023-05-09 00:39:52,1.26071,1.26086
1407,2023-05-09 00:39:54,1.2607300000000001,1.26088
1408,2023-05-09 00:39:55,1.26074,1.26089
1409,2023-05-09 00:39:57,1.26072,1.26087
1410,2023-05-09 00:39:57,1.26071,1.26086
1411,2023-05-09 00:39:58,1.2607,1.26085
1412,2023-05-09 00:39:59,1.2606899999999999,1.26084
1413,2023-05-09 00:39:59,1.26068,1.26083
1414,2023-05-09 00:40:00,1.26068,1.26083
1415,2023-05-09 00:40:00,1.26067,1.26082
1416,2023-05-09 00:40:00,1.26068,1.26083
1417,2023-05-09 00:40:01,1.26067,1.26082
1418,2023-05-09 00:40:02,1.26068,1.26083
1419,2023-05-09 00:40:03,1.26067,1.26082
1420,2023-05-09 00:40:08,1.26068,1.26083
1421,2023-05-09 00:40:08,1.26067,1.26082
1422,2023-05-09 00:40:11,1.2606600000000001,1.26081
1423,2023-05-09 00:40:11,1.26067,1.26082
1424,2023-05-09 00:40:16,1.2606899999999999,1.26084
1425,2023-05-09 00:40:16,1.2607,1.26085
1426,2023-05-09 00:40:17,1.2606899999999999,1.26084
1427,2023-05-09 00:40:24,1.26067,1.26082
1428,2023-05-09 00:40:32,1.26068,1.26083
1429,2023-05-09 00:40:38,1.2606899999999999,1.26084
1430,2023-05-09 00:40:40,1.26068,1.26083
1431,2023-05-09 00:40:45,1.2606899999999999,1.26084
1432,2023-05-09 00:40:50,1.26068,1.26083
1433,2023-05-09 00:40:51,1.2606899999999999,1.26084
1434,2023-05-09 00:40:51,1.26068,1.26083
1435,2023-05-09 00:40:53,1.26067,1.26082
1436,2023-05-09 00:40:54,1.26068,1.26083
1437,2023-05-09 00:41:00,1.26068,1.26083
1438,2023-05-09 00:41:11,1.2606899999999999,1.26084
1439,2023-05-09 00:41:17,1.26072,1.26087
1440,2023-05-09 00:41:17,1.26071,1.26086
1441,2023-05-09 00:41:19,1.2607,1.26085
1442,2023-05-09 00:41:20,1.2606899999999999,1.26084
1443,2023-05-09 00:41:20,1.2607,1.26085
1444,2023-05-09 00:41:20,1.2606899999999999,1.26084
1445,2023-05-09 00:41:21,1.26068,1.26083
1446,2023-05-09 00:41:28,1.26067,1.26082
1447,2023-05-09 00:41:30,1.26068,1.26083
1448,2023-05-09 00:41:30,1.26067,1.26082
1449,2023-05-09 00:41:37,1.26068,1.26083
1450,2023-05-09 00:41:49,1.26067,1.26082
1451,2023-05-09 00:41:49,1.2606600000000001,1.26081
1452,2023-05-09 00:41:59,1.26067,1.26082
1453,2023-05-09 00:42:00,1.26067,1.26082
1454,2023-05-09 00:42:01,1.2606600000000001,1.26081
1455,2023-05-09 00:42:04,1.26067,1.26082
1456,2023-05-09 00:42:04,1.26068,1.26083
1457,2023-05-09 00:42:22,1.26067,1.26082
1458,2023-05-09 00:42:35,1.26068,1.26083
1459,2023-05-09 00:42:39,1.2606899999999999,1.26084
1460,2023-05-09 00:42:41,1.26068,1.26083
1461,2023-05-09 00:42:43,1.26067,1.26082
1462,2023-05-09 00:42:53,1.2606600000000001,1.26081
1463,2023-05-09 00:42:56,1.26064,1.26079
1464,2023-05-09 00:42:56,1.26057,1.26072
1465,2023-05-09 00:43:00,1.26057,1.26072
1466,2023-05-09 00:43:09,1.26056,1.26071
1467,2023-05-09 00:43:10,1.26055,1.2607
1468,2023-05-09 00:43:10,1.26056,1.26071
1469,2023-05-09 00:43:11,1.26057,1.26072
1470,2023-05-09 00:43:15,1.26056,1.26071
1471,2023-05-09 00:43:22,1.26057,1.26072
1472,2023-05-09 00:43:33,1.26058,1.2607300000000001
1473,2023-05-09 00:43:38,1.26057,1.26072
1474,2023-05-09 00:43:50,1.26058,1.2607300000000001
1475,2023-05-09 00:43:59,1.26059,1.26074
1476,2023-05-09 00:44:00,1.26059,1.26074
1477,2023-05-09 00:44:13,1.26058,1.2607300000000001
1478,2023-05-09 00:44:13,1.26059,1.26074
1479,2023-05-09 00:44:15,1.26058,1.2607300000000001
1480,2023-05-09 00:44:25,1.26057,1.26072
1481,2023-05-09 00:44:46,1.26055,1.2607
1482,2023-05-09 00:44:47,1.26056,1.26071
1483,2023-05-09 00:44:47,1.26057,1.26072
1484,2023-05-09 00:44:49,1.26054,1.2606899999999999
1485,2023-05-09 00:44:49,1.26055,1.2607
1486,2023-05-09 00:44:50,1.26056,1.26071
1487,2023-05-09 00:44:52,1.26055,1.2607
1488,2023-05-09 00:44:53,1.26052,1.26067
1489,2023-05-09 00:44:53,1.26053,1.26068
1490,2023-05-09 00:44:57,1.26054,1.2606899999999999
1491,2023-05-09 00:44:58,1.26055,1.2607
1492,2023-05-09 00:44:58,1.26054,1.2606899999999999
1493,2023-05-09 00:44:58,1.26055,1.2607
1494,2023-05-09 00:45:00,1.26055,1.2607
1495,2023-05-09 00:45:00,1.26054,1.2606899999999999
1496,2023-05-09 00:45:00,1.26055,1.2607
1497,2023-05-09 00:45:00,1.26054,1.2606899999999999
1498,2023-05-09 00:45:02,1.26056,1.26071
1499,2023-05-09 00:45:02,1.26055,1.2607
1500,2023-05-09 00:45:02,1.26056,1.26071
1501,2023-05-09 00:45:05,1.26055,1.2607
1502,2023-05-09 00:45:11,1.26057,1.26072
1503,2023-05-09 00:45:26,1.26056,1.26071
1504,2023-05-09 00:45:26,1.26055,1.2607
1505,2023-05-09 00:45:29,1.26056,1.26071
1506,2023-05-09 00:45:29,1.26057,1.26072
1507,2023-05-09 00:45:30,1.26056,1.26071
1508,2023-05-09 00:45:30,1.26055,1.2607
1509,2023-05-09 00:45:31,1.26054,1.2606899999999999
1510,2023-05-09 00:45:32,1.26055,1.2607
1511,2023-05-09 00:45:33,1.26054,1.2606899999999999
1512,2023-05-09 00:45:33,1.26055,1.2607
1513,2023-05-09 00:45:39,1.26054,1.2606899999999999
1514,2023-05-09 00:45:40,1.26055,1.2607
1515,2023-05-09 00:45:41,1.26057,1.26072
1516,2023-05-09 00:45:45,1.26058,1.2607300000000001
1517,2023-05-09 00:45:54,1.26059,1.26074
1518,2023-05-09 00:45:55,1.26063,1.26078
1519,2023-05-09 00:45:55,1.26071,1.26086
1520,2023-05-09 00:45:55,1.2606899999999999,1.26084
1521,2023-05-09 00:46:00,1.2606899999999999,1.26084
1522,2023-05-09 00:46:01,1.2607,1.26085
1523,2023-05-09 00:46:02,1.2606899999999999,1.26084
1524,2023-05-09 00:46:06,1.26068,1.26083
1525,2023-05-09 00:46:08,1.2606899999999999,1.26084
1526,2023-05-09 00:46:08,1.2607,1.26085
1527,2023-05-09 00:46:08,1.26072,1.26087
1528,2023-05-09 00:46:11,1.26074,1.26089
1529,2023-05-09 00:46:28,1.26075,1.2609
1530,2023-05-09 00:46:29,1.26074,1.26089
1531,2023-05-09 00:46:37,1.26075,1.2609
1532,2023-05-09 00:46:39,1.2607599999999999,1.26091
1533,2023-05-09 00:46:39,1.26075,1.2609
1534,2023-05-09 00:46:39,1.2607599999999999,1.26091
1535,2023-05-09 00:46:40,1.26075,1.2609
1536,2023-05-09 00:46:55,1.26074,1.26089
1537,2023-05-09 00:46:57,1.26075,1.2609
1538,2023-05-09 00:47:00,1.26075,1.2609
1539,2023-05-09 00:47:05,1.26071,1.26086
1540,2023-05-09 00:47:05,1.26072,1.26087
1541,2023-05-09 00:47:06,1.2607300000000001,1.26088
1542,2023-05-09 00:47:10,1.26072,1.26087
1543,2023-05-09 00:47:10,1.2606899999999999,1.26084
1544,2023-05-09 00:47:17,1.26068,1.26083
1545,2023-05-09 00:47:23,1.2606899999999999,1.26084
1546,2023-05-09 00:47:27,1.2607,1.26085
1547,2023-05-09 00:47:30,1.2606899999999999,1.26084
1548,2023-05-09 00:47:30,1.26068,1.26083
1549,2023-05-09 00:47:31,1.26067,1.26082
1550,2023-05-09 00:47:31,1.26068,1.26083
1551,2023-05-09 00:47:36,1.2606899999999999,1.26084
1552,2023-05-09 00:47:38,1.26068,1.26083
1553,2023-05-09 00:47:39,1.2606899999999999,1.26084
1554,2023-05-09 00:47:47,1.26068,1.26083
1555,2023-05-09 00:47:48,1.2606899999999999,1.26084
1556,2023-05-09 00:47:51,1.26068,1.26083
1557,2023-05-09 00:47:58,1.2606899999999999,1.26084
1558,2023-05-09 00:48:00,1.2606899999999999,1.26084
1559,2023-05-09 00:48:01,1.26068,1.26083
1560,2023-05-09 00:48:10,1.2606899999999999,1.26084
1561,2023-05-09 00:48:10,1.26071,1.26086
1562,2023-05-09 00:48:11,1.2607300000000001,1.26088
1563,2023-05-09 00:48:12,1.26071,1.26086
1564,2023-05-09 00:48:13,1.2607,1.26085
1565,2023-05-09 00:48:13,1.26071,1.26086
1566,2023-05-09 00:48:13,1.2607,1.26085
1567,2023-05-09 00:48:13,1.26071,1.26086
1568,2023-05-09 00:48:15,1.26072,1.26087
1569,2023-05-09 00:48:16,1.26074,1.26089
1570,2023-05-09 00:48:17,1.26075,1.2609
1571,2023-05-09 00:48:17,1.26074,1.26089
1572,2023-05-09 00:48:18,1.26075,1.2609
1573,2023-05-09 00:48:19,1.26074,1.26089
1574,2023-05-09 00:48:20,1.26075,1.2609
1575,2023-05-09 00:48:22,1.26074,1.26089
1576,2023-05-09 00:48:22,1.2607300000000001,1.26088
1577,2023-05-09 00:48:23,1.26072,1.26087
1578,2023-05-09 00:48:25,1.2607300000000001,1.26088
1579,2023-05-09 00:48:25,1.26074,1.26089
1580,2023-05-09 00:48:26,1.2607300000000001,1.26088
1581,2023-05-09 00:48:26,1.26075,1.2609
1582,2023-05-09 00:48:28,1.2607599999999999,1.26091
1583,2023-05-09 00:48:28,1.26075,1.2609
1584,2023-05-09 00:48:29,1.2607599999999999,1.26091
1585,2023-05-09 00:48:29,1.26075,1.2609
1586,2023-05-09 00:48:29,1.2607599999999999,1.26091
1587,2023-05-09 00:48:30,1.26077,1.26092
1588,2023-05-09 00:48:31,1.26074,1.26089
1589,2023-05-09 00:48:32,1.26072,1.26087
1590,2023-05-09 00:48:33,1.2607300000000001,1.26088
1591,2023-05-09 00:48:33,1.26075,1.2609
1592,2023-05-09 00:48:34,1.26074,1.26089
1593,2023-05-09 00:48:38,1.26075,1.2609
1594,2023-05-09 00:48:40,1.2607599999999999,1.26091
1595,2023-05-09 00:48:41,1.26079,1.26094
1596,2023-05-09 00:48:44,1.26078,1.26093
1597,2023-05-09 00:48:47,1.26079,1.26094
1598,2023-05-09 00:48:47,1.26078,1.26093
1599,2023-05-09 00:48:50,1.26079,1.26094
1600,2023-05-09 00:48:50,1.26078,1.26093
1601,2023-05-09 00:48:51,1.26079,1.26094
1602,2023-05-09 00:48:51,1.26078,1.26093
1603,2023-05-09 00:48:52,1.26079,1.26094
1604,2023-05-09 00:48:54,1.26078,1.26093
1605,2023-05-09 00:49:00,1.26078,1.26093
1606,2023-05-09 00:49:00,1.26083,1.26098
1607,2023-05-09 00:49:01,1.26086,1.26101
1608,2023-05-09 00:49:02,1.26087,1.26102
1609,2023-05-09 00:49:02,1.26086,1.26101
1610,2023-05-09 00:49:03,1.26087,1.26102
1611,2023-05-09 00:49:05,1.26089,1.26104
1612,2023-05-09 00:49:06,1.26088,1.2610299999999999
1613,2023-05-09 00:49:09,1.26087,1.26102
1614,2023-05-09 00:49:17,1.26084,1.26099
1615,2023-05-09 00:49:17,1.26085,1.2610000000000001
1616,2023-05-09 00:49:18,1.26086,1.26101
1617,2023-05-09 00:49:24,1.26087,1.26102
1618,2023-05-09 00:49:26,1.26088,1.2610299999999999
1619,2023-05-09 00:49:29,1.26087,1.26102
1620,2023-05-09 00:49:31,1.26088,1.2610299999999999
1621,2023-05-09 00:49:34,1.26087,1.26102
1622,2023-05-09 00:49:38,1.26088,1.2610299999999999
1623,2023-05-09 00:49:41,1.26087,1.26102
1624,2023-05-09 00:49:49,1.26089,1.26104
1625,2023-05-09 00:49:54,1.26087,1.26102
1626,2023-05-09 00:49:55,1.26086,1.26101
1627,2023-05-09 00:49:59,1.26085,1.2610000000000001
1628,2023-05-09 00:50:00,1.26085,1.2610000000000001
1629,2023-05-09 00:50:05,1.26077,1.26092
1630,2023-05-09 00:50:05,1.2607599999999999,1.26091
1631,2023-05-09 00:50:06,1.26075,1.2609
1632,2023-05-09 00:50:09,1.2607599999999999,1.26091
1633,2023-05-09 00:50:14,1.26075,1.2609
1634,2023-05-09 00:50:15,1.2607599999999999,1.26091
1635,2023-05-09 00:50:19,1.26075,1.2609
1636,2023-05-09 00:50:19,1.2607599999999999,1.26091
1637,2023-05-09 00:50:20,1.26075,1.2609
1638,2023-05-09 00:50:24,1.26074,1.26089
1639,2023-05-09 00:50:27,1.26075,1.2609
1640,2023-05-09 00:50:30,1.2607599999999999,1.26091
1641,2023-05-09 00:50:35,1.26074,1.26089
1642,2023-05-09 00:50:35,1.26071,1.26086
1643,2023-05-09 00:50:36,1.26072,1.26087
1644,2023-05-09 00:50:36,1.26071,1.26086
1645,2023-05-09 00:50:36,1.2607300000000001,1.26088
1646,2023-05-09 00:50:39,1.26074,1.26089
1647,2023-05-09 00:50:41,1.2607599999999999,1.26091
1648,2023-05-09 00:50:46,1.26077,1.26092
1649,2023-05-09 00:50:52,1.26078,1.26093
1650,2023-05-09 00:50:52,1.26077,1.26092
1651,2023-05-09 00:51:00,1.26077,1.26092
1652,2023-05-09 00:51:00,1.26078,1.26093
1653,2023-05-09 00:51:05,1.26079,1.26094
1654,2023-05-09 00:51:07,1.26078,1.26093
1655,2023-05-09 00:51:08,1.26079,1.26094
1656,2023-05-09 00:51:14,1.26082,1.26097
1657,2023-05-09 00:51:20,1.2608,1.26095
1658,2023-05-09 00:51:20,1.26081,1.26096
1659,2023-05-09 00:51:21,1.2608,1.26095
1660,2023-05-09 00:51:29,1.26079,1.26094
1661,2023-05-09 00:51:30,1.2608,1.26095
1662,2023-05-09 00:51:30,1.26079,1.26094
1663,2023-05-09 00:51:31,1.26081,1.26096
1664,2023-05-09 00:51:33,1.26079,1.26094
1665,2023-05-09 00:51:33,1.26081,1.26096
1666,2023-05-09 00:51:36,1.26082,1.26097
1667,2023-05-09 00:51:37,1.26083,1.26098
1668,2023-05-09 00:51:39,1.26084,1.26099
1669,2023-05-09 00:51:40,1.26085,1.2610000000000001
1670,2023-05-09 00:51:43,1.26084,1.26099
1671,2023-05-09 00:51:43,1.26085,1.2610000000000001
1672,2023-05-09 00:51:47,1.26084,1.26099
1673,2023-05-09 00:51:52,1.26085,1.2610000000000001
1674,2023-05-09 00:51:54,1.26084,1.26099
1675,2023-05-09 00:51:59,1.26082,1.26097
1676,2023-05-09 00:52:00,1.26082,1.26097
1677,2023-05-09 00:52:00,1.2608,1.26095
1678,2023-05-09 00:52:01,1.26081,1.26096
1679,2023-05-09 00:52:02,1.2608,1.26095
1680,2023-05-09 00:52:03,1.26081,1.26096
1681,2023-05-09 00:52:06,1.26082,1.26097
1682,2023-05-09 00:52:09,1.26083,1.26098
1683,2023-05-09 00:52:10,1.26084,1.26099
1684,2023-05-09 00:52:12,1.26083,1.26098
1685,2023-05-09 00:52:13,1.26085,1.2610000000000001
1686,2023-05-09 00:52:18,1.26083,1.26098
1687,2023-05-09 00:52:20,1.26082,1.26097
1688,2023-05-09 00:52:21,1.26083,1.26098
1689,2023-05-09 00:52:22,1.26084,1.26099
1690,2023-05-09 00:52:24,1.26082,1.26097
1691,2023-05-09 00:52:25,1.2608,1.26095
1692,2023-05-09 00:52:25,1.26079,1.26094
1693,2023-05-09 00:52:27,1.2608,1.26095
1694,2023-05-09 00:52:28,1.26081,1.26096
1695,2023-05-09 00:52:28,1.26083,1.26098
1696,2023-05-09 00:52:29,1.26082,1.26097
1697,2023-05-09 00:52:29,1.26083,1.26098
1698,2023-05-09 00:52:31,1.26084,1.26099
1699,2023-05-09 00:52:32,1.26083,1.26098
1700,2023-05-09 00:52:32,1.26082,1.26097
1701,2023-05-09 00:52:32,1.26081,1.26096
1702,2023-05-09 00:52:33,1.26082,1.26097
1703,2023-05-09 00:52:34,1.26081,1.26096
1704,2023-05-09 00:52:34,1.26082,1.26097
1705,2023-05-09 00:52:34,1.26081,1.26096
1706,2023-05-09 00:52:35,1.26079,1.26094
1707,2023-05-09 00:52:37,1.2608,1.26095
1708,2023-05-09 00:52:37,1.26077,1.26092
1709,2023-05-09 00:52:37,1.26078,1.26093
1710,2023-05-09 00:52:42,1.2607599999999999,1.26091
1711,2023-05-09 00:52:44,1.26078,1.26093
1712,2023-05-09 00:52:48,1.26079,1.26094
1713,2023-05-09 00:52:51,1.2608,1.26095
1714,2023-05-09 00:52:53,1.26081,1.26096
1715,2023-05-09 00:52:54,1.2608,1.26095
1716,2023-05-09 00:52:55,1.26081,1.26096
1717,2023-05-09 00:52:55,1.2608,1.26095
1718,2023-05-09 00:52:57,1.26081,1.26096
1719,2023-05-09 00:52:58,1.2608,1.26095
1720,2023-05-09 00:52:59,1.26081,1.26096
1721,2023-05-09 00:53:00,1.26081,1.26096
1722,2023-05-09 00:53:04,1.2608,1.26095
1723,2023-05-09 00:53:04,1.26081,1.26096
1724,2023-05-09 00:53:05,1.2608,1.26095
1725,2023-05-09 00:53:08,1.26079,1.26094
1726,2023-05-09 00:53:08,1.26078,1.26093
1727,2023-05-09 00:53:08,1.26079,1.26094
1728,2023-05-09 00:53:11,1.26078,1.26093
1729,2023-05-09 00:53:12,1.2607599999999999,1.26091
1730,2023-05-09 00:53:13,1.26075,1.2609
1731,2023-05-09 00:53:13,1.26074,1.26089
1732,2023-05-09 00:53:14,1.26075,1.2609
1733,2023-05-09 00:53:18,1.2607300000000001,1.26088
1734,2023-05-09 00:53:19,1.26074,1.26089
1735,2023-05-09 00:53:20,1.26075,1.2609
1736,2023-05-09 00:53:22,1.2607599999999999,1.26091
1737,2023-05-09 00:53:23,1.26075,1.2609
1738,2023-05-09 00:53:23,1.2607599999999999,1.26091
1739,2023-05-09 00:53:24,1.26077,1.26092
1740,2023-05-09 00:53:25,1.2607599999999999,1.26091
1741,2023-05-09 00:53:28,1.26077,1.26092
1742,2023-05-09 00:53:28,1.2607599999999999,1.26091
1743,2023-05-09 00:53:28,1.26077,1.26092
1744,2023-05-09 00:53:29,1.2607599999999999,1.26091
1745,2023-05-09 00:53:30,1.26074,1.26089
1746,2023-05-09 00:53:34,1.26072,1.26087
1747,2023-05-09 00:53:35,1.2607300000000001,1.26088
1748,2023-05-09 00:53:42,1.26075,1.2609
1749,2023-05-09 00:53:46,1.2607599999999999,1.26091
1750,2023-05-09 00:53:50,1.2607300000000001,1.26088
1751,2023-05-09 00:53:51,1.26074,1.26089
1752,2023-05-09 00:53:54,1.2607300000000001,1.26088
1753,2023-05-09 00:53:55,1.26072,1.26087
1754,2023-05-09 00:53:58,1.26071,1.26086
1755,2023-05-09 00:54:00,1.26071,1.26086
1756,2023-05-09 00:54:00,1.26067,1.26082
1757,2023-05-09 00:54:00,1.26068,1.26083
1758,2023-05-09 00:54:02,1.26067,1.26082
1759,2023-05-09 00:54:02,1.26068,1.26083
1760,2023-05-09 00:54:04,1.26067,1.26082
1761,2023-05-09 00:54:05,1.2606600000000001,1.26081
1762,2023-05-09 00:54:06,1.26067,1.26082
1763,2023-05-09 00:54:10,1.26068,1.26083
1764,2023-05-09 00:54:11,1.26067,1.26082
1765,2023-05-09 00:54:14,1.26068,1.26083
1766,2023-05-09 00:54:15,1.26067,1.26082
1767,2023-05-09 00:54:16,1.26068,1.26083
1768,2023-05-09 00:54:17,1.2606899999999999,1.26084
1769,2023-05-09 00:54:17,1.2607,1.26085
1770,2023-05-09 00:54:18,1.26071,1.26086
1771,2023-05-09 00:54:19,1.26072,1.26087
1772,2023-05-09 00:54:20,1.2607300000000001,1.26088
1773,2023-05-09 00:54:21,1.26071,1.26086
1774,2023-05-09 00:54:26,1.2606899999999999,1.26084
1775,2023-05-09 00:54:27,1.26068,1.26083
1776,2023-05-09 00:54:29,1.2607,1.26085
1777,2023-05-09 00:54:29,1.2606899999999999,1.26084
1778,2023-05-09 00:54:29,1.2607,1.26085
1779,2023-05-09 00:54:32,1.2606899999999999,1.26084
1780,2023-05-09 00:54:34,1.26068,1.26083
1781,2023-05-09 00:54:34,1.26067,1.26082
1782,2023-05-09 00:54:36,1.26068,1.26083
1783,2023-05-09 00:54:37,1.26067,1.26082
1784,2023-05-09 00:54:39,1.2606600000000001,1.26081
1785,2023-05-09 00:54:42,1.26067,1.26082
1786,2023-05-09 00:54:43,1.2606600000000001,1.26081
1787,2023-05-09 00:54:43,1.26065,1.2608
1788,2023-05-09 00:54:44,1.26064,1.26079
1789,2023-05-09 00:54:44,1.26065,1.2608
1790,2023-05-09 00:54:44,1.2606600000000001,1.26081
1791,2023-05-09 00:54:45,1.26065,1.2608
1792,2023-05-09 00:54:47,1.26067,1.26082
1793,2023-05-09 00:54:47,1.2606600000000001,1.26081
1794,2023-05-09 00:54:48,1.26065,1.2608
1795,2023-05-09 00:54:49,1.26064,1.26079
1796,2023-05-09 00:54:52,1.26062,1.26077
1797,2023-05-09 00:54:52,1.26064,1.26079
1798,2023-05-09 00:54:53,1.26065,1.2608
1799,2023-05-09 00:54:53,1.26063,1.26078
1800,2023-05-09 00:54:54,1.26062,1.26077
1801,2023-05-09 00:54:55,1.26063,1.26078
1802,2023-05-09 00:54:56,1.26062,1.26077
1803,2023-05-09 00:54:56,1.26063,1.26078
1804,2023-05-09 00:54:57,1.26065,1.2608
1805,2023-05-09 00:54:58,1.2606600000000001,1.26081
1806,2023-05-09 00:54:59,1.26062,1.26077
1807,2023-05-09 00:54:59,1.26063,1.26078
1808,2023-05-09 00:55:00,1.2606,1.26075
1809,2023-05-09 00:55:00,1.26059,1.26074
1810,2023-05-09 00:55:00,1.2606,1.26075
1811,2023-05-09 00:55:00,1.26059,1.26074
1812,2023-05-09 00:55:01,1.26062,1.26077
1813,2023-05-09 00:55:01,1.26061,1.2607599999999999
1814,2023-05-09 00:55:01,1.26062,1.26077
1815,2023-05-09 00:55:02,1.26061,1.2607599999999999
1816,2023-05-09 00:55:02,1.26062,1.26077
1817,2023-05-09 00:55:02,1.26063,1.26078
1818,2023-05-09 00:55:03,1.26064,1.26079
1819,2023-05-09 00:55:03,1.26065,1.2608
1820,2023-05-09 00:55:05,1.2606600000000001,1.26081
1821,2023-05-09 00:55:09,1.26067,1.26082
1822,2023-05-09 00:55:31,1.2606600000000001,1.26081
1823,2023-05-09 00:55:33,1.26065,1.2608
1824,2023-05-09 00:55:34,1.26064,1.26079
1825,2023-05-09 00:55:35,1.26065,1.2608
1826,2023-05-09 00:55:36,1.26064,1.26079
1827,2023-05-09 00:55:40,1.26063,1.26078
1828,2023-05-09 00:55:41,1.26062,1.26077
1829,2023-05-09 00:55:42,1.26061,1.2607599999999999
1830,2023-05-09 00:55:42,1.26062,1.26077
1831,2023-05-09 00:55:44,1.26064,1.26079
1832,2023-05-09 00:55:47,1.26065,1.2608
1833,2023-05-09 00:55:48,1.2606600000000001,1.26081
1834,2023-05-09 00:55:55,1.26067,1.26082
1835,2023-05-09 00:55:58,1.2606600000000001,1.26081
1836,2023-05-09 00:55:59,1.26067,1.26082
1837,2023-05-09 00:56:00,1.26067,1.26082
1838,2023-05-09 00:56:02,1.26068,1.26083
1839,2023-05-09 00:56:03,1.26072,1.26087
1840,2023-05-09 00:56:04,1.26077,1.26092
1841,2023-05-09 00:56:05,1.26078,1.26093
1842,2023-05-09 00:56:06,1.26079,1.26094
1843,2023-05-09 00:56:06,1.26077,1.26092
1844,2023-05-09 00:56:07,1.26078,1.26093
1845,2023-05-09 00:56:07,1.26079,1.26094
1846,2023-05-09 00:56:08,1.26078,1.26093
1847,2023-05-09 00:56:10,1.26079,1.26094
1848,2023-05-09 00:56:11,1.26081,1.26096
1849,2023-05-09 00:56:11,1.26082,1.26097
1850,2023-05-09 00:56:11,1.26085,1.2610000000000001
1851,2023-05-09 00:56:12,1.26086,1.26101
1852,2023-05-09 00:56:12,1.26085,1.2610000000000001
1853,2023-05-09 00:56:13,1.26084,1.26099
1854,2023-05-09 00:56:13,1.26082,1.26097
1855,2023-05-09 00:56:15,1.26079,1.26094
1856,2023-05-09 00:56:15,1.2608,1.26095
1857,2023-05-09 00:56:16,1.26084,1.26099
1858,2023-05-09 00:56:16,1.26088,1.2610299999999999
1859,2023-05-09 00:56:16,1.2609,1.26105
1860,2023-05-09 00:56:16,1.26089,1.26104
1861,2023-05-09 00:56:17,1.2609,1.26105
1862,2023-05-09 00:56:17,1.26091,1.26106
1863,2023-05-09 00:56:18,1.26092,1.2610700000000001
1864,2023-05-09 00:56:18,1.26098,1.26113
1865,2023-05-09 00:56:18,1.26101,1.26116
1866,2023-05-09 00:56:19,1.26104,1.26119
1867,2023-05-09 00:56:20,1.2610299999999999,1.26118
1868,2023-05-09 00:56:26,1.26097,1.26112
1869,2023-05-09 00:56:27,1.26096,1.26111
1870,2023-05-09 00:56:27,1.26095,1.2610999999999999
1871,2023-05-09 00:56:27,1.26096,1.26111
1872,2023-05-09 00:56:28,1.26098,1.26113
1873,2023-05-09 00:56:28,1.26097,1.26112
1874,2023-05-09 00:56:31,1.26095,1.2610999999999999
1875,2023-05-09 00:56:32,1.26096,1.26111
1876,2023-05-09 00:56:33,1.26093,1.26108
1877,2023-05-09 00:56:33,1.26092,1.2610700000000001
1878,2023-05-09 00:56:34,1.26091,1.26106
1879,2023-05-09 00:56:37,1.2609,1.26105
1880,2023-05-09 00:56:41,1.26091,1.26106
1881,2023-05-09 00:56:42,1.26092,1.2610700000000001
1882,2023-05-09 00:56:43,1.26094,1.26109
1883,2023-05-09 00:56:47,1.26093,1.26108
1884,2023-05-09 00:56:47,1.26091,1.26106
1885,2023-05-09 00:56:47,1.26092,1.2610700000000001
1886,2023-05-09 00:56:48,1.26091,1.26106
1887,2023-05-09 00:56:49,1.26092,1.2610700000000001
1888,2023-05-09 00:56:50,1.26089,1.26104
1889,2023-05-09 00:56:51,1.2609,1.26105
1890,2023-05-09 00:56:55,1.26089,1.26104
1891,2023-05-09 00:56:55,1.2609,1.26105
1892,2023-05-09 00:56:56,1.26091,1.26106
1893,2023-05-09 00:56:57,1.2609,1.26105
1894,2023-05-09 00:57:00,1.2609,1.26105
1895,2023-05-09 00:57:02,1.26091,1.26106
1896,2023-05-09 00:57:02,1.2609,1.26105
1897,2023-05-09 00:57:03,1.26093,1.26108
1898,2023-05-09 00:57:04,1.26094,1.26109
1899,2023-05-09 00:57:06,1.26095,1.2610999999999999
1900,2023-05-09 00:57:09,1.26094,1.26109
1901,2023-05-09 00:57:10,1.26095,1.2610999999999999
1902,2023-05-09 00:57:11,1.26096,1.26111
1903,2023-05-09 00:57:24,1.26095,1.2610999999999999
1904,2023-05-09 00:57:24,1.26094,1.26109
1905,2023-05-09 00:57:27,1.26093,1.26108
1906,2023-05-09 00:57:28,1.26092,1.2610700000000001
1907,2023-05-09 00:57:28,1.26093,1.26108
1908,2023-05-09 00:57:29,1.26092,1.2610700000000001
1909,2023-05-09 00:57:31,1.26091,1.26106
1910,2023-05-09 00:57:32,1.26092,1.2610700000000001
1911,2023-05-09 00:57:34,1.26093,1.26108
1912,2023-05-09 00:57:35,1.26091,1.26106
1913,2023-05-09 00:57:35,1.2609,1.26105
1914,2023-05-09 00:57:37,1.26089,1.26104
1915,2023-05-09 00:57:37,1.26091,1.26106
1916,2023-05-09 00:57:41,1.2609,1.26105
1917,2023-05-09 00:57:41,1.26091,1.26106
1918,2023-05-09 00:57:43,1.26092,1.2610700000000001
1919,2023-05-09 00:57:47,1.26093,1.26108
1920,2023-05-09 00:57:47,1.26096,1.26111
1921,2023-05-09 00:57:48,1.26095,1.2610999999999999
1922,2023-05-09 00:57:51,1.26096,1.26111
1923,2023-05-09 00:57:57,1.26097,1.26112
1924,2023-05-09 00:57:58,1.26096,1.26111
1925,2023-05-09 00:57:59,1.26095,1.2610999999999999
1926,2023-05-09 00:58:00,1.26095,1.2610999999999999
1927,2023-05-09 00:58:00,1.26093,1.26108
1928,2023-05-09 00:58:00,1.26094,1.26109
1929,2023-05-09 00:58:01,1.26093,1.26108
1930,2023-05-09 00:58:01,1.26095,1.2610999999999999
1931,2023-05-09 00:58:02,1.26094,1.26109
1932,2023-05-09 00:58:03,1.26095,1.2610999999999999
1933,2023-05-09 00:58:03,1.26094,1.26109
1934,2023-05-09 00:58:06,1.26095,1.2610999999999999
1935,2023-05-09 00:58:08,1.26094,1.26109
1936,2023-05-09 00:58:09,1.26095,1.2610999999999999
1937,2023-05-09 00:58:10,1.26096,1.26111
1938,2023-05-09 00:58:10,1.26097,1.26112
1939,2023-05-09 00:58:11,1.26099,1.26114
1940,2023-05-09 00:58:11,1.26098,1.26113
1941,2023-05-09 00:58:20,1.26099,1.26114
1942,2023-05-09 00:58:21,1.26098,1.26113
1943,2023-05-09 00:58:22,1.26097,1.26112
1944,2023-05-09 00:58:23,1.26098,1.26113
1945,2023-05-09 00:58:26,1.26099,1.26114
1946,2023-05-09 00:58:29,1.2610000000000001,1.26115
1947,2023-05-09 00:58:37,1.26099,1.26114
1948,2023-05-09 00:58:42,1.26097,1.26112
1949,2023-05-09 00:58:42,1.26098,1.26113
1950,2023-05-09 00:58:43,1.26097,1.26112
1951,2023-05-09 00:58:43,1.26096,1.26111
1952,2023-05-09 00:58:43,1.26095,1.2610999999999999
1953,2023-05-09 00:58:46,1.26093,1.26108
1954,2023-05-09 00:58:46,1.26091,1.26106
1955,2023-05-09 00:58:47,1.26092,1.2610700000000001
1956,2023-05-09 00:58:48,1.26091,1.26106
1957,2023-05-09 00:58:50,1.26095,1.2610999999999999
1958,2023-05-09 00:58:51,1.26094,1.26109
1959,2023-05-09 00:58:51,1.26095,1.2610999999999999
1960,2023-05-09 00:58:52,1.26092,1.2610700000000001
1961,2023-05-09 00:58:52,1.26095,1.2610999999999999
1962,2023-05-09 00:58:52,1.26096,1.26111
1963,2023-05-09 00:58:53,1.26095,1.2610999999999999
1964,2023-05-09 00:58:55,1.26096,1.26111
1965,2023-05-09 00:58:56,1.26095,1.2610999999999999
1966,2023-05-09 00:58:57,1.26096,1.26111
1967,2023-05-09 00:58:59,1.26095,1.2610999999999999
1968,2023-05-09 00:58:59,1.26096,1.26111
1969,2023-05-09 00:59:00,1.26096,1.26111
1970,2023-05-09 00:59:01,1.26095,1.2610999999999999
1971,2023-05-09 00:59:02,1.26096,1.26111
1972,2023-05-09 00:59:03,1.26097,1.26112
1973,2023-05-09 00:59:05,1.26096,1.26111
1974,2023-05-09 00:59:06,1.26098,1.26113
1975,2023-05-09 00:59:08,1.26097,1.26112
1976,2023-05-09 00:59:09,1.26098,1.26113
1977,2023-05-09 00:59:09,1.26097,1.26112
1978,2023-05-09 00:59:13,1.26096,1.26111
1979,2023-05-09 00:59:15,1.26097,1.26112
1980,2023-05-09 00:59:20,1.26096,1.26111
1981,2023-05-09 00:59:21,1.26095,1.2610999999999999
1982,2023-05-09 00:59:22,1.26097,1.26112
1983,2023-05-09 00:59:24,1.26096,1.26111
1984,2023-05-09 00:59:25,1.26097,1.26112
1985,2023-05-09 00:59:26,1.26095,1.2610999999999999
1986,2023-05-09 00:59:27,1.26093,1.26108
1987,2023-05-09 00:59:29,1.26096,1.26111
1988,2023-05-09 00:59:30,1.26095,1.2610999999999999
1989,2023-05-09 00:59:33,1.26096,1.26111
1990,2023-05-09 00:59:33,1.26095,1.2610999999999999
1991,2023-05-09 00:59:34,1.26094,1.26109
1992,2023-05-09 00:59:34,1.26093,1.26108
1993,2023-05-09 00:59:37,1.26094,1.26109
1994,2023-05-09 00:59:37,1.26091,1.26106
1995,2023-05-09 00:59:37,1.26088,1.2610299999999999
1996,2023-05-09 00:59:38,1.26087,1.26102
1997,2023-05-09 00:59:42,1.26086,1.26101
1998,2023-05-09 00:59:45,1.26087,1.26102
1999,2023-05-09 00:59:46,1.26088,1.2610299999999999
2000,2023-05-09 00:59:50,1.26087,1.26102
2001,2023-05-09 00:59:57,1.26088,1.2610299999999999
2002,2023-05-09 01:00:00,1.26088,1.2610299999999999
2003,2023-05-09 01:00:01,1.26087,1.26102
2004,2023-05-09 01:00:01,1.26088,1.2610299999999999
2005,2023-05-09 01:00:03,1.26087,1.26102
2006,2023-05-09 01:00:08,1.26086,1.26101
2007,2023-05-09 01:00:08,1.26083,1.26098
2008,2023-05-09 01:00:11,1.26082,1.26097
2009,2023-05-09 01:00:16,1.26083,1.26098
2010,2023-05-09 01:00:17,1.26085,1.2610000000000001
2011,2023-05-09 01:00:18,1.26086,1.26101
2012,2023-05-09 01:00:22,1.26085,1.2610000000000001
2013,2023-05-09 01:00:23,1.26086,1.26101
2014,2023-05-09 01:00:24,1.26087,1.26102
2015,2023-05-09 01:00:26,1.26086,1.26101
2016,2023-05-09 01:00:28,1.26085,1.2610000000000001
2017,2023-05-09 01:00:28,1.26084,1.26099
2018,2023-05-09 01:00:29,1.26086,1.26101
2019,2023-05-09 01:00:31,1.26085,1.2610000000000001
2020,2023-05-09 01:00:32,1.26086,1.26101
2021,2023-05-09 01:00:33,1.26085,1.2610000000000001
2022,2023-05-09 01:00:34,1.26086,1.26101
2023,2023-05-09 01:00:36,1.26087,1.26102
2024,2023-05-09 01:00:37,1.26086,1.26101
2025,2023-05-09 01:00:41,1.26087,1.26102
2026,2023-05-09 01:00:42,1.26086,1.26101
2027,2023-05-09 01:00:46,1.26085,1.2610000000000001
2028,2023-05-09 01:00:46,1.26086,1.26101
2029,2023-05-09 01:00:48,1.26085,1.2610000000000001
2030,2023-05-09 01:00:53,1.26084,1.26099
2031,2023-05-09 01:00:53,1.26083,1.26098
2032,2023-05-09 01:00:55,1.26081,1.26096
2033,2023-05-09 01:00:57,1.26082,1.26097
2034,2023-05-09 01:00:58,1.26081,1.26096
2035,2023-05-09 01:00:59,1.26082,1.26097
2036,2023-05-09 01:01:00,1.26082,1.26097
2037,2023-05-09 01:01:00,1.26083,1.26098
2038,2023-05-09 01:01:01,1.26084,1.26099
2039,2023-05-09 01:01:01,1.26082,1.26097
2040,2023-05-09 01:01:02,1.26081,1.26096
2041,2023-05-09 01:01:04,1.2607599999999999,1.26091
2042,2023-05-09 01:01:13,1.26074,1.26089
2043,2023-05-09 01:01:14,1.26075,1.2609
2044,2023-05-09 01:01:18,1.26074,1.26089
2045,2023-05-09 01:01:18,1.2607300000000001,1.26088
2046,2023-05-09 01:01:18,1.26072,1.26087
2047,2023-05-09 01:01:18,1.2607300000000001,1.26088
2048,2023-05-09 01:01:19,1.26071,1.26086
2049,2023-05-09 01:01:19,1.2607,1.26085
2050,2023-05-09 01:01:20,1.2606899999999999,1.26084
2051,2023-05-09 01:01:22,1.26068,1.26083
2052,2023-05-09 01:01:24,1.2606899999999999,1.26084
2053,2023-05-09 01:01:24,1.26068,1.26083
2054,2023-05-09 01:01:27,1.2606899999999999,1.26084
2055,2023-05-09 01:01:27,1.26068,1.26083
2056,2023-05-09 01:01:27,1.2606899999999999,1.26084
2057,2023-05-09 01:01:27,1.26072,1.26087
2058,2023-05-09 01:01:28,1.2607300000000001,1.26088
2059,2023-05-09 01:01:31,1.26074,1.26089
2060,2023-05-09 01:01:33,1.26075,1.2609
2061,2023-05-09 01:01:37,1.2607599999999999,1.26091
2062,2023-05-09 01:01:42,1.26075,1.2609
2063,2023-05-09 01:01:44,1.2607599999999999,1.26091
2064,2023-05-09 01:01:49,1.26077,1.26092
2065,2023-05-09 01:01:52,1.2607599999999999,1.26091
2066,2023-05-09 01:01:52,1.26077,1.26092
2067,2023-05-09 01:01:52,1.26078,1.26093
2068,2023-05-09 01:01:53,1.26077,1.26092
2069,2023-05-09 01:01:58,1.26078,1.26093
2070,2023-05-09 01:02:00,1.26078,1.26093
2071,2023-05-09 01:02:00,1.26081,1.26096
2072,2023-05-09 01:02:00,1.2608,1.26095
2073,2023-05-09 01:02:01,1.26085,1.2610000000000001
2074,2023-05-09 01:02:02,1.26087,1.26102
2075,2023-05-09 01:02:02,1.26082,1.26097
2076,2023-05-09 01:02:03,1.26083,1.26098
2077,2023-05-09 01:02:03,1.26085,1.2610000000000001
2078,2023-05-09 01:02:06,1.26084,1.26099
2079,2023-05-09 01:02:09,1.26085,1.2610000000000001
2080,2023-05-09 01:02:13,1.26086,1.26101
2081,2023-05-09 01:02:17,1.26087,1.26102
2082,2023-05-09 01:02:18,1.26086,1.26101
2083,2023-05-09 01:02:21,1.26087,1.26102
2084,2023-05-09 01:02:21,1.26086,1.26101
2085,2023-05-09 01:02:31,1.26087,1.26102
2086,2023-05-09 01:02:38,1.26086,1.26101
2087,2023-05-09 01:02:38,1.26087,1.26102
2088,2023-05-09 01:02:41,1.26086,1.26101
2089,2023-05-09 01:02:44,1.26087,1.26102
2090,2023-05-09 01:02:45,1.26086,1.26101
2091,2023-05-09 01:02:47,1.26087,1.26102
2092,2023-05-09 01:02:48,1.26088,1.2610299999999999
2093,2023-05-09 01:02:50,1.26089,1.26104
2094,2023-05-09 01:02:55,1.2609,1.26105
2095,2023-05-09 01:02:56,1.26092,1.2610700000000001
2096,2023-05-09 01:02:57,1.26093,1.26108
2097,2023-05-09 01:02:57,1.26094,1.26109
2098,2023-05-09 01:02:58,1.26093,1.26108
2099,2023-05-09 01:02:59,1.26092,1.2610700000000001
2100,2023-05-09 01:03:00,1.26092,1.2610700000000001
2101,2023-05-09 01:03:01,1.26094,1.26109
2102,2023-05-09 01:03:01,1.26093,1.26108
2103,2023-05-09 01:03:02,1.26092,1.2610700000000001
2104,2023-05-09 01:03:02,1.26091,1.26106
2105,2023-05-09 01:03:03,1.26092,1.2610700000000001
2106,2023-05-09 01:03:04,1.26093,1.26108
2107,2023-05-09 01:03:06,1.26092,1.2610700000000001
2108,2023-05-09 01:03:06,1.26096,1.26111
2109,2023-05-09 01:03:06,1.26097,1.26112
2110,2023-05-09 01:03:09,1.26098,1.26113
2111,2023-05-09 01:03:12,1.26097,1.26112
2112,2023-05-09 01:03:12,1.26096,1.26111
2113,2023-05-09 01:03:13,1.26095,1.2610999999999999
2114,2023-05-09 01:03:14,1.26096,1.26111
2115,2023-05-09 01:03:15,1.26097,1.26112
2116,2023-05-09 01:03:17,1.26098,1.26113
2117,2023-05-09 01:03:19,1.26104,1.26119
2118,2023-05-09 01:03:19,1.2610299999999999,1.26118
2119,2023-05-09 01:03:21,1.26102,1.26117
2120,2023-05-09 01:03:21,1.26101,1.26116
2121,2023-05-09 01:03:23,1.26102,1.26117
2122,2023-05-09 01:03:26,1.26105,1.2612
2123,2023-05-09 01:03:29,1.26106,1.26121
2124,2023-05-09 01:03:37,1.2610700000000001,1.26122
2125,2023-05-09 01:03:47,1.26106,1.26121
2126,2023-05-09 01:03:47,1.2610700000000001,1.26122
2127,2023-05-09 01:03:48,1.26106,1.26121
2128,2023-05-09 01:03:53,1.26105,1.2612
2129,2023-05-09 01:03:54,1.26106,1.26121
2130,2023-05-09 01:03:55,1.26108,1.26123
2131,2023-05-09 01:03:56,1.2610700000000001,1.26122
2132,2023-05-09 01:04:00,1.2610700000000001,1.26122
2133,2023-05-09 01:04:02,1.26109,1.26124
2134,2023-05-09 01:04:03,1.26108,1.26123
2135,2023-05-09 01:04:03,1.2610700000000001,1.26122
2136,2023-05-09 01:04:09,1.26109,1.26124
2137,2023-05-09 01:04:10,1.26108,1.26123
2138,2023-05-09 01:04:10,1.26109,1.26124
2139,2023-05-09 01:04:10,1.26108,1.26123
2140,2023-05-09 01:04:10,1.26109,1.26124
2141,2023-05-09 01:04:15,1.26108,1.26123
2142,2023-05-09 01:04:21,1.26109,1.26124
2143,2023-05-09 01:04:21,1.26108,1.26123
2144,2023-05-09 01:04:21,1.26109,1.26124
2145,2023-05-09 01:04:22,1.26108,1.26123
2146,2023-05-09 01:04:22,1.26109,1.26124
2147,2023-05-09 01:04:22,1.26108,1.26123
2148,2023-05-09 01:04:25,1.26109,1.26124
2149,2023-05-09 01:04:25,1.26108,1.26123
2150,2023-05-09 01:04:26,1.26109,1.26124
2151,2023-05-09 01:04:28,1.26108,1.26123
2152,2023-05-09 01:04:29,1.26109,1.26124
2153,2023-05-09 01:04:29,1.26108,1.26123
2154,2023-05-09 01:04:30,1.26109,1.26124
2155,2023-05-09 01:04:30,1.26108,1.26123
2156,2023-05-09 01:04:38,1.2610999999999999,1.26125
2157,2023-05-09 01:04:38,1.26111,1.26126
2158,2023-05-09 01:04:38,1.26112,1.2612700000000001
2159,2023-05-09 01:04:39,1.26115,1.2612999999999999
2160,2023-05-09 01:04:39,1.26116,1.26131
2161,2023-05-09 01:04:40,1.26115,1.2612999999999999
2162,2023-05-09 01:04:41,1.26113,1.26128
2163,2023-05-09 01:04:42,1.26114,1.26129
2164,2023-05-09 01:04:42,1.26113,1.26128
2165,2023-05-09 01:04:44,1.26112,1.2612700000000001
2166,2023-05-09 01:04:44,1.26113,1.26128
2167,2023-05-09 01:04:47,1.26114,1.26129
2168,2023-05-09 01:04:49,1.26112,1.2612700000000001
2169,2023-05-09 01:04:50,1.26113,1.26128
2170,2023-05-09 01:04:52,1.26114,1.26129
2171,2023-05-09 01:04:52,1.26113,1.26128
2172,2023-05-09 01:04:53,1.26112,1.2612700000000001
2173,2023-05-09 01:04:54,1.26111,1.26126
2174,2023-05-09 01:04:54,1.26112,1.2612700000000001
2175,2023-05-09 01:04:55,1.26111,1.26126
2176,2023-05-09 01:04:56,1.26112,1.2612700000000001
2177,2023-05-09 01:04:59,1.26111,1.26126
2178,2023-05-09 01:05:00,1.26112,1.2612700000000001
2179,2023-05-09 01:05:01,1.26111,1.26126
2180,2023-05-09 01:05:02,1.26113,1.26128
2181,2023-05-09 01:05:02,1.26112,1.2612700000000001
2182,2023-05-09 01:05:03,1.26111,1.26126
2183,2023-05-09 01:05:07,1.2610999999999999,1.26125
2184,2023-05-09 01:05:08,1.26109,1.26124
2185,2023-05-09 01:05:08,1.2610700000000001,1.26122
2186,2023-05-09 01:05:15,1.26108,1.26123
2187,2023-05-09 01:05:17,1.26109,1.26124
2188,2023-05-09 01:05:17,1.26108,1.26123
2189,2023-05-09 01:05:17,1.26109,1.26124
2190,2023-05-09 01:05:19,1.2610999999999999,1.26125
2191,2023-05-09 01:05:19,1.26111,1.26126
2192,2023-05-09 01:05:20,1.2610999999999999,1.26125
2193,2023-05-09 01:05:20,1.26111,1.26126
2194,2023-05-09 01:05:21,1.26112,1.2612700000000001
2195,2023-05-09 01:05:22,1.26111,1.26126
2196,2023-05-09 01:05:23,1.26112,1.2612700000000001
2197,2023-05-09 01:05:23,1.26111,1.26126
2198,2023-05-09 01:05:24,1.2610999999999999,1.26125
2199,2023-05-09 01:05:27,1.26109,1.26124
2200,2023-05-09 01:05:27,1.2610999999999999,1.26125
2201,2023-05-09 01:05:30,1.26109,1.26124
2202,2023-05-09 01:05:30,1.26108,1.26123
2203,2023-05-09 01:05:30,1.26109,1.26124
2204,2023-05-09 01:05:36,1.2610999999999999,1.26125
2205,2023-05-09 01:05:44,1.26114,1.26129
2206,2023-05-09 01:05:45,1.26113,1.26128
2207,2023-05-09 01:05:45,1.26115,1.2612999999999999
2208,2023-05-09 01:05:46,1.26113,1.26128
2209,2023-05-09 01:05:46,1.26114,1.26129
2210,2023-05-09 01:05:47,1.26112,1.2612700000000001
2211,2023-05-09 01:05:48,1.26113,1.26128
2212,2023-05-09 01:05:49,1.26112,1.2612700000000001
2213,2023-05-09 01:05:51,1.26113,1.26128
2214,2023-05-09 01:05:52,1.26112,1.2612700000000001
2215,2023-05-09 01:05:58,1.26113,1.26128
2216,2023-05-09 01:05:59,1.26114,1.26129
2217,2023-05-09 01:05:59,1.26113,1.26128
2218,2023-05-09 01:06:00,1.26112,1.2612700000000001
2219,2023-05-09 01:06:01,1.26113,1.26128
2220,2023-05-09 01:06:01,1.26112,1.2612700000000001
2221,2023-05-09 01:06:02,1.2610999999999999,1.26125
2222,2023-05-09 01:06:02,1.26111,1.26126
2223,2023-05-09 01:06:03,1.26108,1.26123
2224,2023-05-09 01:06:04,1.2610700000000001,1.26122
2225,2023-05-09 01:06:07,1.26106,1.26121
2226,2023-05-09 01:06:18,1.2610700000000001,1.26122
2227,2023-05-09 01:06:29,1.26109,1.26124
2228,2023-05-09 01:06:30,1.2610999999999999,1.26125
2229,2023-05-09 01:06:33,1.26112,1.2612700000000001
2230,2023-05-09 01:06:35,1.26113,1.26128
2231,2023-05-09 01:06:37,1.26111,1.26126
2232,2023-05-09 01:06:37,1.26112,1.2612700000000001
2233,2023-05-09 01:06:38,1.26113,1.26128
2234,2023-05-09 01:06:38,1.26114,1.26129
2235,2023-05-09 01:06:42,1.26113,1.26128
2236,2023-05-09 01:06:44,1.26114,1.26129
2237,2023-05-09 01:06:44,1.26113,1.26128
2238,2023-05-09 01:06:44,1.26114,1.26129
2239,2023-05-09 01:06:45,1.26113,1.26128
2240,2023-05-09 01:06:45,1.26114,1.26129
2241,2023-05-09 01:06:46,1.26113,1.26128
2242,2023-05-09 01:06:47,1.26114,1.26129
2243,2023-05-09 01:06:47,1.26113,1.26128
2244,2023-05-09 01:06:49,1.26114,1.26129
2245,2023-05-09 01:06:50,1.26113,1.26128
2246,2023-05-09 01:06:50,1.26114,1.26129
2247,2023-05-09 01:06:51,1.26113,1.26128
2248,2023-05-09 01:06:51,1.26114,1.26129
2249,2023-05-09 01:06:52,1.26113,1.26128
2250,2023-05-09 01:06:52,1.26114,1.26129
2251,2023-05-09 01:06:53,1.26115,1.2612999999999999
2252,2023-05-09 01:06:53,1.26113,1.26128
2253,2023-05-09 01:06:53,1.26115,1.2612999999999999
2254,2023-05-09 01:06:53,1.26114,1.26129
2255,2023-05-09 01:06:55,1.26115,1.2612999999999999
2256,2023-05-09 01:06:55,1.26113,1.26128
2257,2023-05-09 01:06:55,1.26114,1.26129
2258,2023-05-09 01:06:56,1.26113,1.26128
2259,2023-05-09 01:06:56,1.26114,1.26129
2260,2023-05-09 01:06:56,1.26115,1.2612999999999999
2261,2023-05-09 01:06:58,1.26114,1.26129
2262,2023-05-09 01:06:58,1.26115,1.2612999999999999
2263,2023-05-09 01:06:58,1.26114,1.26129
2264,2023-05-09 01:07:00,1.26113,1.26128
2265,2023-05-09 01:07:00,1.26112,1.2612700000000001
2266,2023-05-09 01:07:01,1.26114,1.26129
2267,2023-05-09 01:07:02,1.26115,1.2612999999999999
2268,2023-05-09 01:07:12,1.26114,1.26129
2269,2023-05-09 01:07:12,1.26115,1.2612999999999999
2270,2023-05-09 01:07:13,1.26114,1.26129
2271,2023-05-09 01:07:14,1.26111,1.26126
2272,2023-05-09 01:07:15,1.2610999999999999,1.26125
2273,2023-05-09 01:07:16,1.26111,1.26126
2274,2023-05-09 01:07:17,1.26109,1.26124
2275,2023-05-09 01:07:17,1.26108,1.26123
2276,2023-05-09 01:07:19,1.26109,1.26124
2277,2023-05-09 01:07:20,1.2610999999999999,1.26125
2278,2023-05-09 01:07:24,1.26114,1.26129
2279,2023-05-09 01:07:25,1.26115,1.2612999999999999
2280,2023-05-09 01:07:26,1.26114,1.26129
2281,2023-05-09 01:07:27,1.26115,1.2612999999999999
2282,2023-05-09 01:07:33,1.26114,1.26129
2283,2023-05-09 01:07:33,1.26115,1.2612999999999999
2284,2023-05-09 01:07:33,1.26112,1.2612700000000001
2285,2023-05-09 01:07:33,1.26114,1.26129
2286,2023-05-09 01:07:37,1.26115,1.2612999999999999
2287,2023-05-09 01:07:37,1.26114,1.26129
2288,2023-05-09 01:07:39,1.26113,1.26128
2289,2023-05-09 01:07:41,1.26114,1.26129
2290,2023-05-09 01:07:41,1.26113,1.26128
2291,2023-05-09 01:07:44,1.26114,1.26129
2292,2023-05-09 01:07:44,1.26113,1.26128
2293,2023-05-09 01:07:44,1.26114,1.26129
2294,2023-05-09 01:07:47,1.26115,1.2612999999999999
2295,2023-05-09 01:07:48,1.26114,1.26129
2296,2023-05-09 01:07:49,1.26113,1.26128
2297,2023-05-09 01:08:00,1.26113,1.26128
2298,2023-05-09 01:08:01,1.26111,1.26126
2299,2023-05-09 01:08:01,1.26114,1.26129
2300,2023-05-09 01:08:02,1.26115,1.2612999999999999
2301,2023-05-09 01:08:04,1.26116,1.26131
2302,2023-05-09 01:08:06,1.26115,1.2612999999999999
2303,2023-05-09 01:08:07,1.26116,1.26131
2304,2023-05-09 01:08:08,1.26115,1.2612999999999999
2305,2023-05-09 01:08:09,1.26116,1.26131
2306,2023-05-09 01:08:14,1.26112,1.2612700000000001
2307,2023-05-09 01:08:14,1.26113,1.26128
2308,2023-05-09 01:08:16,1.26114,1.26129
2309,2023-05-09 01:08:16,1.26116,1.26131
2310,2023-05-09 01:08:17,1.26115,1.2612999999999999
2311,2023-05-09 01:08:17,1.26113,1.26128
2312,2023-05-09 01:08:17,1.26114,1.26129
2313,2023-05-09 01:08:20,1.26116,1.26131
