,time,bid,ask
0,2023-05-09 00:00:01,1.33713,1.3373300000000001
1,2023-05-09 00:00:01,1.3372,1.3374
2,2023-05-09 00:00:01,1.33719,1.33739
3,2023-05-09 00:00:01,1.3372,1.3374
4,2023-05-09 00:00:02,1.33718,1.33738
5,2023-05-09 00:00:02,1.33716,1.3373599999999999
6,2023-05-09 00:00:02,1.33718,1.33738
7,2023-05-09 00:00:03,1.33717,1.33737
8,2023-05-09 00:00:03,1.33718,1.33738
9,2023-05-09 00:00:04,1.33717,1.33737
10,2023-05-09 00:00:05,1.33719,1.33739
11,2023-05-09 00:00:05,1.33718,1.33738
12,2023-05-09 00:00:06,1.33719,1.33739
13,2023-05-09 00:00:06,1.33718,1.33738
14,2023-05-09 00:00:07,1.33717,1.33737
15,2023-05-09 00:00:08,1.33718,1.33738
16,2023-05-09 00:00:08,1.33711,1.33731
17,2023-05-09 00:00:09,1.33709,1.3372899999999999
18,2023-05-09 00:00:09,1.33708,1.33728
19,2023-05-09 00:00:10,1.33709,1.3372899999999999
20,2023-05-09 00:00:11,1.33708,1.33728
21,2023-05-09 00:00:11,1.33709,1.3372899999999999
22,2023-05-09 00:00:11,1.33708,1.33728
23,2023-05-09 00:00:11,1.33709,1.3372899999999999
24,2023-05-09 00:00:12,1.33708,1.33728
25,2023-05-09 00:00:12,1.33709,1.3372899999999999
26,2023-05-09 00:00:12,1.33708,1.33728
27,2023-05-09 00:00:15,1.33707,1.33727
28,2023-05-09 00:00:30,1.33704,1.33724
29,2023-05-09 00:00:30,1.337,1.3372
30,2023-05-09 00:00:31,1.33698,1.33718
31,2023-05-09 00:00:31,1.337,1.3372
32,2023-05-09 00:00:32,1.33704,1.33724
33,2023-05-09 00:00:32,1.33705,1.33725
34,2023-05-09 00:00:40,1.3370199999999999,1.33722
35,2023-05-09 00:00:40,1.33701,1.33721
36,2023-05-09 00:00:41,1.337,1.3372
37,2023-05-09 00:00:42,1.33701,1.33721
38,2023-05-09 00:00:42,1.337,1.3372
39,2023-05-09 00:00:42,1.33705,1.33725
40,2023-05-09 00:00:43,1.33704,1.33724
41,2023-05-09 00:00:44,1.3370600000000001,1.3372600000000001
42,2023-05-09 00:00:45,1.33707,1.33727
43,2023-05-09 00:00:49,1.3370600000000001,1.3372600000000001
44,2023-05-09 00:00:51,1.33708,1.33728
45,2023-05-09 00:00:54,1.33705,1.33725
46,2023-05-09 00:00:54,1.33704,1.33724
47,2023-05-09 00:00:57,1.33701,1.33721
48,2023-05-09 00:00:57,1.337,1.3372
49,2023-05-09 00:00:58,1.33701,1.33721
50,2023-05-09 00:01:00,1.33701,1.33721
51,2023-05-09 00:01:00,1.3369900000000001,1.33719
52,2023-05-09 00:01:01,1.337,1.3372
53,2023-05-09 00:01:02,1.3369900000000001,1.33719
54,2023-05-09 00:01:03,1.33704,1.33724
55,2023-05-09 00:01:04,1.3370199999999999,1.33722
56,2023-05-09 00:01:05,1.33701,1.33721
57,2023-05-09 00:01:05,1.337,1.3372
58,2023-05-09 00:01:10,1.33696,1.33716
59,2023-05-09 00:01:11,1.33697,1.33717
60,2023-05-09 00:01:12,1.3369900000000001,1.33719
61,2023-05-09 00:01:13,1.33698,1.33718
62,2023-05-09 00:01:19,1.337,1.3372
63,2023-05-09 00:01:22,1.33701,1.33721
64,2023-05-09 00:01:24,1.33697,1.33717
65,2023-05-09 00:01:24,1.33698,1.33718
66,2023-05-09 00:01:26,1.3369900000000001,1.33719
67,2023-05-09 00:01:27,1.33698,1.33718
68,2023-05-09 00:01:27,1.3369900000000001,1.33719
69,2023-05-09 00:01:29,1.337,1.3372
70,2023-05-09 00:01:30,1.33701,1.33721
71,2023-05-09 00:01:30,1.337,1.3372
72,2023-05-09 00:01:34,1.3369900000000001,1.33719
73,2023-05-09 00:01:36,1.33698,1.33718
74,2023-05-09 00:01:37,1.3369900000000001,1.33719
75,2023-05-09 00:01:39,1.33698,1.33718
76,2023-05-09 00:01:40,1.3369900000000001,1.33719
77,2023-05-09 00:01:42,1.33701,1.33721
78,2023-05-09 00:01:43,1.337,1.3372
79,2023-05-09 00:01:45,1.3370199999999999,1.33722
80,2023-05-09 00:01:45,1.3370600000000001,1.3372600000000001
81,2023-05-09 00:01:47,1.33708,1.33728
82,2023-05-09 00:01:48,1.33712,1.33732
83,2023-05-09 00:01:51,1.33713,1.3373300000000001
84,2023-05-09 00:01:52,1.33714,1.33734
85,2023-05-09 00:01:52,1.33715,1.33735
86,2023-05-09 00:01:52,1.33717,1.33737
87,2023-05-09 00:01:53,1.33719,1.33739
88,2023-05-09 00:01:53,1.33717,1.33737
89,2023-05-09 00:01:54,1.33718,1.33738
90,2023-05-09 00:01:54,1.33717,1.33737
91,2023-05-09 00:01:58,1.33718,1.33738
92,2023-05-09 00:01:59,1.33719,1.33739
93,2023-05-09 00:02:00,1.33719,1.33739
94,2023-05-09 00:02:00,1.3372,1.3374
95,2023-05-09 00:02:03,1.33719,1.33739
96,2023-05-09 00:02:03,1.3372,1.3374
97,2023-05-09 00:02:04,1.33721,1.33741
98,2023-05-09 00:02:06,1.33722,1.33742
99,2023-05-09 00:02:07,1.33725,1.33745
100,2023-05-09 00:02:07,1.3372600000000001,1.33746
101,2023-05-09 00:02:08,1.33725,1.33745
102,2023-05-09 00:02:09,1.33724,1.33744
103,2023-05-09 00:02:09,1.33725,1.33745
104,2023-05-09 00:02:11,1.33723,1.33743
105,2023-05-09 00:02:13,1.33725,1.33745
106,2023-05-09 00:02:13,1.33723,1.33743
107,2023-05-09 00:02:15,1.33722,1.33742
108,2023-05-09 00:02:15,1.33723,1.33743
109,2023-05-09 00:02:22,1.33722,1.33742
110,2023-05-09 00:02:30,1.33718,1.33738
111,2023-05-09 00:02:30,1.33717,1.33737
112,2023-05-09 00:02:35,1.33716,1.3373599999999999
113,2023-05-09 00:02:37,1.33717,1.33737
114,2023-05-09 00:02:39,1.33719,1.33739
115,2023-05-09 00:02:39,1.3372,1.3374
116,2023-05-09 00:02:44,1.33723,1.33743
117,2023-05-09 00:02:49,1.33724,1.33744
118,2023-05-09 00:02:53,1.33725,1.33745
119,2023-05-09 00:02:53,1.3373,1.3375
120,2023-05-09 00:02:54,1.33732,1.33752
121,2023-05-09 00:02:54,1.33735,1.33755
122,2023-05-09 00:02:56,1.33734,1.33754
123,2023-05-09 00:02:58,1.3373300000000001,1.33753
124,2023-05-09 00:02:58,1.33731,1.33751
125,2023-05-09 00:02:59,1.33732,1.33752
126,2023-05-09 00:02:59,1.3373,1.3375
127,2023-05-09 00:03:00,1.3373,1.3375
128,2023-05-09 00:03:01,1.33731,1.33751
129,2023-05-09 00:03:06,1.3373,1.3375
130,2023-05-09 00:03:09,1.33724,1.33744
131,2023-05-09 00:03:14,1.33725,1.33745
132,2023-05-09 00:03:19,1.33724,1.33744
133,2023-05-09 00:03:20,1.33725,1.33745
134,2023-05-09 00:03:21,1.33727,1.33747
135,2023-05-09 00:03:21,1.3372899999999999,1.33749
136,2023-05-09 00:03:22,1.3373,1.3375
137,2023-05-09 00:03:24,1.33731,1.33751
138,2023-05-09 00:03:25,1.3373,1.3375
139,2023-05-09 00:03:28,1.33728,1.33748
140,2023-05-09 00:03:28,1.3372899999999999,1.33749
141,2023-05-09 00:03:30,1.3373,1.3375
142,2023-05-09 00:03:35,1.33728,1.33748
143,2023-05-09 00:03:35,1.3372899999999999,1.33749
144,2023-05-09 00:03:36,1.3373300000000001,1.33753
145,2023-05-09 00:03:44,1.3373,1.3375
146,2023-05-09 00:03:44,1.3372600000000001,1.33746
147,2023-05-09 00:03:46,1.33731,1.33751
148,2023-05-09 00:03:50,1.3373300000000001,1.33753
149,2023-05-09 00:03:53,1.33732,1.33752
150,2023-05-09 00:03:53,1.3373300000000001,1.33753
151,2023-05-09 00:03:58,1.33734,1.33754
152,2023-05-09 00:03:58,1.3373300000000001,1.33753
153,2023-05-09 00:03:59,1.3374,1.3376000000000001
154,2023-05-09 00:03:59,1.3373599999999999,1.33756
155,2023-05-09 00:04:00,1.3373599999999999,1.33756
156,2023-05-09 00:04:00,1.33735,1.33755
157,2023-05-09 00:04:00,1.33734,1.33754
158,2023-05-09 00:04:04,1.3373300000000001,1.33753
159,2023-05-09 00:04:04,1.33734,1.33754
160,2023-05-09 00:04:13,1.33735,1.33755
161,2023-05-09 00:04:15,1.33739,1.33759
162,2023-05-09 00:04:16,1.3374,1.3376000000000001
163,2023-05-09 00:04:16,1.33741,1.33761
164,2023-05-09 00:04:18,1.3374,1.3376000000000001
165,2023-05-09 00:04:25,1.33747,1.3376700000000001
166,2023-05-09 00:04:25,1.33751,1.33771
167,2023-05-09 00:04:27,1.33749,1.33769
168,2023-05-09 00:04:27,1.33748,1.33768
169,2023-05-09 00:04:27,1.33749,1.33769
170,2023-05-09 00:04:31,1.33745,1.33765
171,2023-05-09 00:04:33,1.33744,1.33764
172,2023-05-09 00:04:40,1.33745,1.33765
173,2023-05-09 00:04:42,1.33744,1.33764
174,2023-05-09 00:04:48,1.33743,1.3376299999999999
175,2023-05-09 00:04:53,1.33739,1.33759
176,2023-05-09 00:04:54,1.33732,1.33752
177,2023-05-09 00:05:00,1.33732,1.33752
178,2023-05-09 00:05:18,1.3372899999999999,1.33749
179,2023-05-09 00:05:23,1.3373,1.3375
180,2023-05-09 00:05:26,1.3372899999999999,1.33749
181,2023-05-09 00:05:27,1.33723,1.33743
182,2023-05-09 00:05:37,1.33724,1.33744
183,2023-05-09 00:05:38,1.33723,1.33743
184,2023-05-09 00:05:44,1.33724,1.33744
185,2023-05-09 00:05:45,1.33723,1.33743
186,2023-05-09 00:05:53,1.33724,1.33744
187,2023-05-09 00:05:53,1.33723,1.33743
188,2023-05-09 00:06:00,1.33723,1.33743
189,2023-05-09 00:06:03,1.33724,1.33744
190,2023-05-09 00:06:14,1.33723,1.33743
191,2023-05-09 00:06:21,1.33724,1.33744
192,2023-05-09 00:06:22,1.3372899999999999,1.33749
193,2023-05-09 00:06:25,1.3373,1.3375
194,2023-05-09 00:06:28,1.3372899999999999,1.33749
195,2023-05-09 00:06:29,1.33728,1.33748
196,2023-05-09 00:06:30,1.3373,1.3375
197,2023-05-09 00:06:36,1.33728,1.33748
198,2023-05-09 00:06:37,1.3372899999999999,1.33749
199,2023-05-09 00:06:40,1.3373,1.3375
200,2023-05-09 00:06:46,1.33731,1.33751
201,2023-05-09 00:06:51,1.3372899999999999,1.33749
202,2023-05-09 00:06:56,1.33724,1.33744
203,2023-05-09 00:06:56,1.33725,1.33745
204,2023-05-09 00:06:57,1.33724,1.33744
205,2023-05-09 00:06:57,1.33723,1.33743
206,2023-05-09 00:07:01,1.33723,1.33743
207,2023-05-09 00:07:12,1.33724,1.33744
208,2023-05-09 00:07:13,1.33723,1.33743
209,2023-05-09 00:07:15,1.33724,1.33744
210,2023-05-09 00:07:16,1.33723,1.33743
211,2023-05-09 00:07:24,1.33722,1.33742
212,2023-05-09 00:07:31,1.33717,1.33737
213,2023-05-09 00:07:31,1.33718,1.33738
214,2023-05-09 00:07:36,1.33716,1.3373599999999999
215,2023-05-09 00:07:40,1.33715,1.33735
216,2023-05-09 00:07:47,1.33711,1.33731
217,2023-05-09 00:07:48,1.33712,1.33732
218,2023-05-09 00:07:52,1.33713,1.3373300000000001
219,2023-05-09 00:07:53,1.33712,1.33732
220,2023-05-09 00:07:54,1.3371,1.3373
221,2023-05-09 00:07:56,1.33711,1.33731
222,2023-05-09 00:07:56,1.33712,1.33732
223,2023-05-09 00:08:01,1.33712,1.33732
224,2023-05-09 00:08:01,1.3371,1.3373
225,2023-05-09 00:08:01,1.33711,1.33731
226,2023-05-09 00:08:03,1.33712,1.33732
227,2023-05-09 00:08:03,1.33713,1.3373300000000001
228,2023-05-09 00:08:06,1.33714,1.33734
229,2023-05-09 00:08:11,1.33715,1.33735
230,2023-05-09 00:08:12,1.33716,1.3373599999999999
231,2023-05-09 00:08:13,1.33717,1.33737
232,2023-05-09 00:08:13,1.33718,1.33738
233,2023-05-09 00:08:13,1.33721,1.33741
234,2023-05-09 00:08:15,1.3372,1.3374
235,2023-05-09 00:08:21,1.33716,1.3373599999999999
236,2023-05-09 00:08:22,1.33715,1.33735
237,2023-05-09 00:08:23,1.33716,1.3373599999999999
238,2023-05-09 00:08:23,1.33715,1.33735
239,2023-05-09 00:08:30,1.33718,1.33738
240,2023-05-09 00:08:30,1.33719,1.33739
241,2023-05-09 00:08:31,1.33721,1.33741
242,2023-05-09 00:08:32,1.33722,1.33742
243,2023-05-09 00:08:32,1.33721,1.33741
244,2023-05-09 00:08:34,1.3372,1.3374
245,2023-05-09 00:08:44,1.33719,1.33739
246,2023-05-09 00:08:45,1.3372,1.3374
247,2023-05-09 00:08:59,1.33722,1.33742
248,2023-05-09 00:08:59,1.33723,1.33743
249,2023-05-09 00:09:00,1.33723,1.33743
250,2023-05-09 00:09:00,1.33722,1.33742
251,2023-05-09 00:09:01,1.33723,1.33743
252,2023-05-09 00:09:02,1.33725,1.33745
253,2023-05-09 00:09:04,1.33724,1.33744
254,2023-05-09 00:09:11,1.33725,1.33745
255,2023-05-09 00:09:12,1.33724,1.33744
256,2023-05-09 00:09:13,1.33725,1.33745
257,2023-05-09 00:09:13,1.33724,1.33744
258,2023-05-09 00:09:13,1.33725,1.33745
259,2023-05-09 00:09:14,1.33724,1.33744
260,2023-05-09 00:09:15,1.33725,1.33745
261,2023-05-09 00:09:15,1.33724,1.33744
262,2023-05-09 00:09:16,1.33722,1.33742
263,2023-05-09 00:09:21,1.33723,1.33743
264,2023-05-09 00:09:22,1.33722,1.33742
265,2023-05-09 00:09:22,1.33723,1.33743
266,2023-05-09 00:09:22,1.33722,1.33742
267,2023-05-09 00:09:33,1.33723,1.33743
268,2023-05-09 00:09:33,1.33717,1.33737
269,2023-05-09 00:09:33,1.33722,1.33742
270,2023-05-09 00:09:35,1.33721,1.33741
271,2023-05-09 00:09:38,1.33722,1.33742
272,2023-05-09 00:09:38,1.33723,1.33743
273,2023-05-09 00:09:39,1.33722,1.33742
274,2023-05-09 00:09:39,1.33725,1.33745
275,2023-05-09 00:09:40,1.3372600000000001,1.33746
276,2023-05-09 00:09:40,1.33728,1.33748
277,2023-05-09 00:09:42,1.33727,1.33747
278,2023-05-09 00:09:43,1.33728,1.33748
279,2023-05-09 00:09:44,1.3372600000000001,1.33746
280,2023-05-09 00:09:44,1.33724,1.33744
281,2023-05-09 00:09:45,1.33722,1.33742
282,2023-05-09 00:09:50,1.33723,1.33743
283,2023-05-09 00:09:55,1.33725,1.33745
284,2023-05-09 00:09:57,1.33724,1.33744
285,2023-05-09 00:10:00,1.33722,1.33742
286,2023-05-09 00:10:12,1.33721,1.33741
287,2023-05-09 00:10:14,1.3372,1.3374
288,2023-05-09 00:10:16,1.33721,1.33741
289,2023-05-09 00:10:26,1.33722,1.33742
290,2023-05-09 00:10:26,1.33723,1.33743
291,2023-05-09 00:10:32,1.33724,1.33744
292,2023-05-09 00:10:32,1.33722,1.33742
293,2023-05-09 00:10:33,1.33723,1.33743
294,2023-05-09 00:10:40,1.33721,1.33741
295,2023-05-09 00:10:48,1.3372,1.3374
296,2023-05-09 00:10:50,1.33721,1.33741
297,2023-05-09 00:10:50,1.33722,1.33742
298,2023-05-09 00:10:56,1.33721,1.33741
299,2023-05-09 00:10:56,1.33722,1.33742
300,2023-05-09 00:10:57,1.33721,1.33741
301,2023-05-09 00:11:00,1.33721,1.33741
302,2023-05-09 00:11:03,1.3372,1.3374
303,2023-05-09 00:11:05,1.33716,1.3373599999999999
304,2023-05-09 00:11:08,1.33714,1.33734
305,2023-05-09 00:11:16,1.33712,1.33732
306,2023-05-09 00:11:17,1.33713,1.3373300000000001
307,2023-05-09 00:11:48,1.33712,1.33732
308,2023-05-09 00:11:51,1.3371,1.3373
309,2023-05-09 00:11:52,1.33711,1.33731
310,2023-05-09 00:11:59,1.33709,1.3372899999999999
311,2023-05-09 00:11:59,1.3370600000000001,1.3372600000000001
312,2023-05-09 00:12:00,1.3370600000000001,1.3372600000000001
313,2023-05-09 00:12:00,1.3371,1.3373
314,2023-05-09 00:12:00,1.33711,1.33731
315,2023-05-09 00:12:01,1.33712,1.33732
316,2023-05-09 00:12:01,1.33711,1.33731
317,2023-05-09 00:12:07,1.33712,1.33732
318,2023-05-09 00:12:13,1.33711,1.33731
319,2023-05-09 00:12:27,1.33709,1.3372899999999999
320,2023-05-09 00:12:27,1.3371,1.3373
321,2023-05-09 00:12:39,1.33712,1.33732
322,2023-05-09 00:12:45,1.33715,1.33735
323,2023-05-09 00:12:55,1.33716,1.3373599999999999
324,2023-05-09 00:12:57,1.33717,1.33737
325,2023-05-09 00:12:58,1.33721,1.33741
326,2023-05-09 00:13:00,1.33721,1.33741
327,2023-05-09 00:13:02,1.33722,1.33742
328,2023-05-09 00:13:05,1.33723,1.33743
329,2023-05-09 00:13:18,1.33722,1.33742
330,2023-05-09 00:13:19,1.33723,1.33743
331,2023-05-09 00:13:23,1.33722,1.33742
332,2023-05-09 00:13:24,1.33723,1.33743
333,2023-05-09 00:13:44,1.33724,1.33744
334,2023-05-09 00:13:49,1.3372899999999999,1.33749
335,2023-05-09 00:13:49,1.33731,1.33751
336,2023-05-09 00:13:50,1.3372899999999999,1.33749
337,2023-05-09 00:13:52,1.3373,1.3375
338,2023-05-09 00:14:00,1.3373,1.3375
339,2023-05-09 00:14:04,1.33731,1.33751
340,2023-05-09 00:14:06,1.33732,1.33752
341,2023-05-09 00:14:08,1.3373300000000001,1.33753
342,2023-05-09 00:14:10,1.33732,1.33752
343,2023-05-09 00:14:13,1.33731,1.33751
344,2023-05-09 00:14:16,1.3373,1.3375
345,2023-05-09 00:14:18,1.3372899999999999,1.33749
346,2023-05-09 00:14:19,1.33727,1.33747
347,2023-05-09 00:14:19,1.33728,1.33748
348,2023-05-09 00:14:20,1.3372600000000001,1.33746
349,2023-05-09 00:14:25,1.33725,1.33745
350,2023-05-09 00:14:31,1.33724,1.33744
351,2023-05-09 00:14:35,1.33728,1.33748
352,2023-05-09 00:14:38,1.3372899999999999,1.33749
353,2023-05-09 00:14:38,1.33728,1.33748
354,2023-05-09 00:14:40,1.3372899999999999,1.33749
355,2023-05-09 00:14:42,1.3373,1.3375
356,2023-05-09 00:14:47,1.3372899999999999,1.33749
357,2023-05-09 00:14:54,1.3372600000000001,1.33746
358,2023-05-09 00:14:55,1.33727,1.33747
359,2023-05-09 00:14:55,1.3372600000000001,1.33746
360,2023-05-09 00:14:56,1.33725,1.33745
361,2023-05-09 00:15:00,1.33725,1.33745
362,2023-05-09 00:15:01,1.33724,1.33744
363,2023-05-09 00:15:01,1.33723,1.33743
364,2023-05-09 00:15:02,1.33722,1.33742
365,2023-05-09 00:15:03,1.33721,1.33741
366,2023-05-09 00:15:04,1.33718,1.33738
367,2023-05-09 00:15:07,1.3372,1.3374
368,2023-05-09 00:15:07,1.33721,1.33741
369,2023-05-09 00:15:08,1.33722,1.33742
370,2023-05-09 00:15:11,1.33723,1.33743
371,2023-05-09 00:15:24,1.33724,1.33744
372,2023-05-09 00:15:32,1.33723,1.33743
373,2023-05-09 00:15:35,1.33724,1.33744
374,2023-05-09 00:15:42,1.33723,1.33743
375,2023-05-09 00:15:42,1.33724,1.33744
376,2023-05-09 00:15:44,1.3372600000000001,1.33746
377,2023-05-09 00:15:46,1.33724,1.33744
378,2023-05-09 00:15:57,1.33723,1.33743
379,2023-05-09 00:16:00,1.33723,1.33743
380,2023-05-09 00:16:14,1.33722,1.33742
381,2023-05-09 00:16:16,1.3372,1.3374
382,2023-05-09 00:16:16,1.33719,1.33739
383,2023-05-09 00:16:21,1.33717,1.33737
384,2023-05-09 00:16:21,1.33718,1.33738
385,2023-05-09 00:16:25,1.3372,1.3374
386,2023-05-09 00:16:25,1.33721,1.33741
387,2023-05-09 00:16:28,1.3372,1.3374
388,2023-05-09 00:16:34,1.33721,1.33741
389,2023-05-09 00:16:34,1.33722,1.33742
390,2023-05-09 00:16:34,1.33723,1.33743
391,2023-05-09 00:16:56,1.33722,1.33742
392,2023-05-09 00:16:56,1.33721,1.33741
393,2023-05-09 00:17:00,1.33721,1.33741
394,2023-05-09 00:17:18,1.33719,1.33739
395,2023-05-09 00:17:21,1.33717,1.33737
396,2023-05-09 00:17:21,1.33715,1.33735
397,2023-05-09 00:17:22,1.33713,1.3373300000000001
398,2023-05-09 00:17:33,1.33714,1.33734
399,2023-05-09 00:17:43,1.33715,1.33735
400,2023-05-09 00:17:44,1.33714,1.33734
401,2023-05-09 00:17:47,1.33713,1.3373300000000001
402,2023-05-09 00:17:55,1.33714,1.33734
403,2023-05-09 00:17:56,1.33715,1.33735
404,2023-05-09 00:18:00,1.33715,1.33735
405,2023-05-09 00:18:01,1.33719,1.33739
406,2023-05-09 00:18:01,1.3372,1.3374
407,2023-05-09 00:18:03,1.33717,1.33737
408,2023-05-09 00:18:04,1.33719,1.33739
409,2023-05-09 00:18:05,1.33721,1.33741
410,2023-05-09 00:18:07,1.33722,1.33742
411,2023-05-09 00:18:15,1.33721,1.33741
412,2023-05-09 00:18:18,1.33722,1.33742
413,2023-05-09 00:18:28,1.33716,1.3373599999999999
414,2023-05-09 00:18:28,1.33715,1.33735
415,2023-05-09 00:18:29,1.33716,1.3373599999999999
416,2023-05-09 00:18:29,1.33717,1.33737
417,2023-05-09 00:18:31,1.33716,1.3373599999999999
418,2023-05-09 00:18:46,1.3372,1.3374
419,2023-05-09 00:18:48,1.33721,1.33741
420,2023-05-09 00:18:51,1.33718,1.33738
421,2023-05-09 00:18:51,1.33715,1.33735
422,2023-05-09 00:18:57,1.33716,1.3373599999999999
423,2023-05-09 00:18:59,1.33719,1.33739
424,2023-05-09 00:18:59,1.33718,1.33738
425,2023-05-09 00:19:00,1.33718,1.33738
426,2023-05-09 00:19:00,1.33719,1.33739
427,2023-05-09 00:19:01,1.33718,1.33738
428,2023-05-09 00:19:03,1.33715,1.33735
429,2023-05-09 00:19:16,1.33714,1.33734
430,2023-05-09 00:19:40,1.33713,1.3373300000000001
431,2023-05-09 00:19:50,1.33709,1.3372899999999999
432,2023-05-09 00:19:58,1.33708,1.33728
433,2023-05-09 00:19:58,1.3370600000000001,1.3372600000000001
434,2023-05-09 00:19:59,1.33707,1.33727
435,2023-05-09 00:19:59,1.33708,1.33728
436,2023-05-09 00:19:59,1.33709,1.3372899999999999
437,2023-05-09 00:20:00,1.33709,1.3372899999999999
438,2023-05-09 00:20:00,1.33708,1.33728
439,2023-05-09 00:20:02,1.33709,1.3372899999999999
440,2023-05-09 00:20:04,1.3370600000000001,1.3372600000000001
441,2023-05-09 00:20:08,1.33705,1.33725
442,2023-05-09 00:20:19,1.3370600000000001,1.3372600000000001
443,2023-05-09 00:20:19,1.33705,1.33725
444,2023-05-09 00:20:20,1.3370600000000001,1.3372600000000001
445,2023-05-09 00:20:21,1.33712,1.33732
446,2023-05-09 00:20:21,1.33713,1.3373300000000001
447,2023-05-09 00:20:37,1.33712,1.33732
448,2023-05-09 00:20:55,1.33714,1.33734
449,2023-05-09 00:21:00,1.33714,1.33734
450,2023-05-09 00:21:06,1.33711,1.33731
451,2023-05-09 00:21:07,1.33708,1.33728
452,2023-05-09 00:21:07,1.33707,1.33727
453,2023-05-09 00:21:07,1.33708,1.33728
454,2023-05-09 00:21:11,1.3371,1.3373
455,2023-05-09 00:21:12,1.33711,1.33731
456,2023-05-09 00:21:16,1.33713,1.3373300000000001
457,2023-05-09 00:21:16,1.33714,1.33734
458,2023-05-09 00:21:22,1.33713,1.3373300000000001
459,2023-05-09 00:21:24,1.33714,1.33734
460,2023-05-09 00:21:39,1.33713,1.3373300000000001
461,2023-05-09 00:21:43,1.33714,1.33734
462,2023-05-09 00:21:46,1.33715,1.33735
463,2023-05-09 00:21:46,1.33716,1.3373599999999999
464,2023-05-09 00:21:46,1.33715,1.33735
465,2023-05-09 00:21:49,1.33714,1.33734
466,2023-05-09 00:21:56,1.33715,1.33735
467,2023-05-09 00:22:00,1.33715,1.33735
468,2023-05-09 00:22:00,1.33716,1.3373599999999999
469,2023-05-09 00:22:01,1.33717,1.33737
470,2023-05-09 00:22:16,1.33716,1.3373599999999999
471,2023-05-09 00:22:16,1.33721,1.33741
472,2023-05-09 00:22:19,1.33722,1.33742
473,2023-05-09 00:22:26,1.33721,1.33741
474,2023-05-09 00:22:30,1.33722,1.33742
475,2023-05-09 00:22:31,1.33723,1.33743
476,2023-05-09 00:22:37,1.33725,1.33745
477,2023-05-09 00:22:38,1.33727,1.33747
478,2023-05-09 00:22:41,1.3372600000000001,1.33746
479,2023-05-09 00:22:41,1.33724,1.33744
480,2023-05-09 00:22:45,1.33723,1.33743
481,2023-05-09 00:22:46,1.33722,1.33742
482,2023-05-09 00:22:46,1.33721,1.33741
483,2023-05-09 00:22:47,1.33723,1.33743
484,2023-05-09 00:22:47,1.3372600000000001,1.33746
485,2023-05-09 00:22:48,1.3372899999999999,1.33749
486,2023-05-09 00:22:57,1.3373,1.3375
487,2023-05-09 00:22:57,1.3372899999999999,1.33749
488,2023-05-09 00:23:00,1.3372899999999999,1.33749
489,2023-05-09 00:23:11,1.33728,1.33748
490,2023-05-09 00:23:33,1.3372600000000001,1.33746
491,2023-05-09 00:23:34,1.33725,1.33745
492,2023-05-09 00:23:35,1.33727,1.33747
493,2023-05-09 00:23:36,1.33728,1.33748
494,2023-05-09 00:23:37,1.33727,1.33747
495,2023-05-09 00:23:49,1.3372600000000001,1.33746
496,2023-05-09 00:23:53,1.33725,1.33745
497,2023-05-09 00:23:55,1.33723,1.33743
498,2023-05-09 00:23:57,1.3372600000000001,1.33746
499,2023-05-09 00:24:00,1.3372600000000001,1.33746
500,2023-05-09 00:24:06,1.33728,1.33748
501,2023-05-09 00:24:07,1.3372899999999999,1.33749
502,2023-05-09 00:24:08,1.3373,1.3375
503,2023-05-09 00:24:08,1.3372899999999999,1.33749
504,2023-05-09 00:24:17,1.33728,1.33748
505,2023-05-09 00:24:23,1.3372899999999999,1.33749
506,2023-05-09 00:24:31,1.33727,1.33747
507,2023-05-09 00:24:31,1.3372600000000001,1.33746
508,2023-05-09 00:24:32,1.33727,1.33747
509,2023-05-09 00:24:35,1.33728,1.33748
510,2023-05-09 00:24:35,1.3372899999999999,1.33749
511,2023-05-09 00:24:47,1.33728,1.33748
512,2023-05-09 00:24:56,1.3372899999999999,1.33749
513,2023-05-09 00:25:00,1.3372899999999999,1.33749
514,2023-05-09 00:25:02,1.3373,1.3375
515,2023-05-09 00:25:07,1.3372899999999999,1.33749
516,2023-05-09 00:25:16,1.33731,1.33751
517,2023-05-09 00:25:21,1.3372899999999999,1.33749
518,2023-05-09 00:25:35,1.3373,1.3375
519,2023-05-09 00:25:38,1.3372899999999999,1.33749
520,2023-05-09 00:25:53,1.3372600000000001,1.33746
521,2023-05-09 00:25:56,1.33727,1.33747
522,2023-05-09 00:26:00,1.33727,1.33747
523,2023-05-09 00:26:00,1.3372600000000001,1.33746
524,2023-05-09 00:26:01,1.33727,1.33747
525,2023-05-09 00:26:02,1.3372600000000001,1.33746
526,2023-05-09 00:26:09,1.33725,1.33745
527,2023-05-09 00:26:10,1.3372600000000001,1.33746
528,2023-05-09 00:26:13,1.33725,1.33745
529,2023-05-09 00:26:14,1.3372600000000001,1.33746
530,2023-05-09 00:26:20,1.33728,1.33748
531,2023-05-09 00:26:25,1.3372899999999999,1.33749
532,2023-05-09 00:26:35,1.33731,1.33751
533,2023-05-09 00:26:38,1.3373,1.3375
534,2023-05-09 00:26:40,1.33731,1.33751
535,2023-05-09 00:26:47,1.3372899999999999,1.33749
536,2023-05-09 00:26:47,1.3373,1.3375
537,2023-05-09 00:26:50,1.33731,1.33751
538,2023-05-09 00:26:55,1.3373,1.3375
539,2023-05-09 00:26:56,1.33731,1.33751
540,2023-05-09 00:26:56,1.3373,1.3375
541,2023-05-09 00:27:00,1.3373,1.3375
542,2023-05-09 00:27:31,1.3372899999999999,1.33749
543,2023-05-09 00:27:32,1.33728,1.33748
544,2023-05-09 00:27:38,1.33727,1.33747
545,2023-05-09 00:27:42,1.33728,1.33748
546,2023-05-09 00:27:42,1.3372899999999999,1.33749
547,2023-05-09 00:27:44,1.3373,1.3375
548,2023-05-09 00:27:47,1.3372899999999999,1.33749
549,2023-05-09 00:27:57,1.33728,1.33748
550,2023-05-09 00:28:00,1.33728,1.33748
551,2023-05-09 00:28:25,1.3372899999999999,1.33749
552,2023-05-09 00:28:43,1.3372600000000001,1.33746
553,2023-05-09 00:28:43,1.33727,1.33747
554,2023-05-09 00:28:57,1.3372600000000001,1.33746
555,2023-05-09 00:28:58,1.33725,1.33745
556,2023-05-09 00:29:00,1.33725,1.33745
557,2023-05-09 00:29:00,1.3372600000000001,1.33746
558,2023-05-09 00:29:01,1.33725,1.33745
559,2023-05-09 00:29:03,1.33723,1.33743
560,2023-05-09 00:29:05,1.33722,1.33742
561,2023-05-09 00:29:08,1.3372600000000001,1.33746
562,2023-05-09 00:29:18,1.33727,1.33747
563,2023-05-09 00:29:18,1.33728,1.33748
564,2023-05-09 00:29:20,1.33725,1.33745
565,2023-05-09 00:29:20,1.33722,1.33742
566,2023-05-09 00:29:25,1.33723,1.33743
567,2023-05-09 00:29:25,1.33722,1.33742
568,2023-05-09 00:29:43,1.33723,1.33743
569,2023-05-09 00:29:52,1.33724,1.33744
570,2023-05-09 00:29:54,1.33723,1.33743
571,2023-05-09 00:29:59,1.33724,1.33744
572,2023-05-09 00:30:00,1.33724,1.33744
573,2023-05-09 00:30:00,1.33725,1.33745
574,2023-05-09 00:30:01,1.33724,1.33744
575,2023-05-09 00:30:02,1.33725,1.33745
576,2023-05-09 00:30:03,1.33724,1.33744
577,2023-05-09 00:30:04,1.33723,1.33743
578,2023-05-09 00:30:04,1.33724,1.33744
579,2023-05-09 00:30:07,1.33722,1.33742
580,2023-05-09 00:30:08,1.33721,1.33741
581,2023-05-09 00:30:18,1.3372,1.3374
582,2023-05-09 00:30:19,1.33718,1.33738
583,2023-05-09 00:30:26,1.33719,1.33739
584,2023-05-09 00:30:26,1.3372,1.3374
585,2023-05-09 00:30:26,1.33722,1.33742
586,2023-05-09 00:30:46,1.33719,1.33739
587,2023-05-09 00:31:00,1.33719,1.33739
588,2023-05-09 00:31:01,1.33718,1.33738
589,2023-05-09 00:31:03,1.33715,1.33735
590,2023-05-09 00:31:04,1.33716,1.3373599999999999
591,2023-05-09 00:31:10,1.33713,1.3373300000000001
592,2023-05-09 00:31:15,1.3371,1.3373
593,2023-05-09 00:31:16,1.33707,1.33727
594,2023-05-09 00:31:16,1.33708,1.33728
595,2023-05-09 00:31:18,1.33709,1.3372899999999999
596,2023-05-09 00:31:24,1.3371,1.3373
597,2023-05-09 00:31:42,1.33709,1.3372899999999999
598,2023-05-09 00:31:42,1.3370600000000001,1.3372600000000001
599,2023-05-09 00:31:46,1.33708,1.33728
600,2023-05-09 00:31:50,1.3371,1.3373
601,2023-05-09 00:31:51,1.33709,1.3372899999999999
602,2023-05-09 00:32:00,1.33709,1.3372899999999999
603,2023-05-09 00:32:03,1.33708,1.33728
604,2023-05-09 00:32:03,1.3370600000000001,1.3372600000000001
605,2023-05-09 00:32:04,1.33705,1.33725
606,2023-05-09 00:32:07,1.33703,1.33723
607,2023-05-09 00:32:07,1.33704,1.33724
608,2023-05-09 00:32:08,1.33703,1.33723
609,2023-05-09 00:32:09,1.33704,1.33724
610,2023-05-09 00:32:13,1.33703,1.33723
611,2023-05-09 00:32:20,1.33705,1.33725
612,2023-05-09 00:32:25,1.33707,1.33727
613,2023-05-09 00:32:25,1.33708,1.33728
614,2023-05-09 00:32:25,1.33709,1.3372899999999999
615,2023-05-09 00:32:35,1.33708,1.33728
616,2023-05-09 00:32:41,1.3371,1.3373
617,2023-05-09 00:32:45,1.33711,1.33731
618,2023-05-09 00:32:53,1.3371,1.3373
619,2023-05-09 00:33:01,1.3371,1.3373
620,2023-05-09 00:33:01,1.33717,1.33737
621,2023-05-09 00:33:02,1.33715,1.33735
622,2023-05-09 00:33:02,1.33714,1.33734
623,2023-05-09 00:33:12,1.33717,1.33737
624,2023-05-09 00:33:16,1.33718,1.33738
625,2023-05-09 00:33:17,1.3372,1.3374
626,2023-05-09 00:33:21,1.33721,1.33741
627,2023-05-09 00:33:22,1.3372,1.3374
628,2023-05-09 00:33:30,1.33717,1.33737
629,2023-05-09 00:33:36,1.33716,1.3373599999999999
630,2023-05-09 00:33:37,1.33714,1.33734
631,2023-05-09 00:33:38,1.33718,1.33738
632,2023-05-09 00:33:39,1.33716,1.3373599999999999
633,2023-05-09 00:33:40,1.33718,1.33738
634,2023-05-09 00:33:40,1.33716,1.3373599999999999
635,2023-05-09 00:33:41,1.33717,1.33737
636,2023-05-09 00:33:42,1.33716,1.3373599999999999
637,2023-05-09 00:33:46,1.33717,1.33737
638,2023-05-09 00:33:47,1.33718,1.33738
639,2023-05-09 00:33:47,1.33719,1.33739
640,2023-05-09 00:33:50,1.33718,1.33738
641,2023-05-09 00:33:52,1.33717,1.33737
642,2023-05-09 00:33:52,1.33718,1.33738
643,2023-05-09 00:34:00,1.33718,1.33738
644,2023-05-09 00:34:02,1.33717,1.33737
645,2023-05-09 00:34:06,1.33718,1.33738
646,2023-05-09 00:34:06,1.33719,1.33739
647,2023-05-09 00:34:06,1.33718,1.33738
648,2023-05-09 00:34:16,1.33716,1.3373599999999999
649,2023-05-09 00:34:16,1.33714,1.33734
650,2023-05-09 00:34:32,1.33715,1.33735
651,2023-05-09 00:34:36,1.33714,1.33734
652,2023-05-09 00:34:36,1.33715,1.33735
653,2023-05-09 00:34:46,1.33716,1.3373599999999999
654,2023-05-09 00:34:47,1.33715,1.33735
655,2023-05-09 00:34:47,1.33714,1.33734
656,2023-05-09 00:34:54,1.33715,1.33735
657,2023-05-09 00:35:00,1.33715,1.33735
658,2023-05-09 00:35:05,1.33714,1.33734
659,2023-05-09 00:35:05,1.33713,1.3373300000000001
660,2023-05-09 00:35:06,1.33714,1.33734
661,2023-05-09 00:35:07,1.33713,1.3373300000000001
662,2023-05-09 00:35:08,1.33714,1.33734
663,2023-05-09 00:35:09,1.33713,1.3373300000000001
664,2023-05-09 00:35:09,1.33714,1.33734
665,2023-05-09 00:35:15,1.33713,1.3373300000000001
666,2023-05-09 00:35:17,1.33714,1.33734
667,2023-05-09 00:35:27,1.33715,1.33735
668,2023-05-09 00:35:36,1.33714,1.33734
669,2023-05-09 00:35:49,1.33715,1.33735
670,2023-05-09 00:35:52,1.33716,1.3373599999999999
671,2023-05-09 00:35:52,1.33717,1.33737
672,2023-05-09 00:35:57,1.33718,1.33738
673,2023-05-09 00:35:57,1.33719,1.33739
674,2023-05-09 00:35:57,1.3372,1.3374
675,2023-05-09 00:36:00,1.33721,1.33741
676,2023-05-09 00:36:00,1.33719,1.33739
677,2023-05-09 00:36:01,1.33721,1.33741
678,2023-05-09 00:36:02,1.3372,1.3374
679,2023-05-09 00:36:06,1.33719,1.33739
680,2023-05-09 00:36:06,1.33721,1.33741
681,2023-05-09 00:36:06,1.3372,1.3374
682,2023-05-09 00:36:07,1.33719,1.33739
683,2023-05-09 00:36:07,1.33718,1.33738
684,2023-05-09 00:36:08,1.33719,1.33739
685,2023-05-09 00:36:08,1.33718,1.33738
686,2023-05-09 00:36:09,1.33719,1.33739
687,2023-05-09 00:36:11,1.33718,1.33738
688,2023-05-09 00:36:11,1.33719,1.33739
689,2023-05-09 00:36:12,1.33721,1.33741
690,2023-05-09 00:36:15,1.3372,1.3374
691,2023-05-09 00:36:15,1.33719,1.33739
692,2023-05-09 00:36:18,1.3372,1.3374
693,2023-05-09 00:36:18,1.33719,1.33739
694,2023-05-09 00:36:26,1.3372,1.3374
695,2023-05-09 00:36:26,1.33721,1.33741
696,2023-05-09 00:36:26,1.3372,1.3374
697,2023-05-09 00:36:29,1.33722,1.33742
698,2023-05-09 00:36:30,1.33723,1.33743
699,2023-05-09 00:36:53,1.33724,1.33744
700,2023-05-09 00:37:00,1.33724,1.33744
701,2023-05-09 00:37:04,1.3372899999999999,1.33749
702,2023-05-09 00:37:05,1.33728,1.33748
703,2023-05-09 00:37:05,1.3372899999999999,1.33749
704,2023-05-09 00:37:15,1.33727,1.33747
705,2023-05-09 00:37:19,1.33728,1.33748
706,2023-05-09 00:37:28,1.3372899999999999,1.33749
707,2023-05-09 00:37:28,1.3373,1.3375
708,2023-05-09 00:37:30,1.3372899999999999,1.33749
709,2023-05-09 00:37:32,1.3372600000000001,1.33746
710,2023-05-09 00:37:33,1.33728,1.33748
711,2023-05-09 00:37:40,1.3372899999999999,1.33749
712,2023-05-09 00:37:41,1.33728,1.33748
713,2023-05-09 00:37:42,1.3372899999999999,1.33749
714,2023-05-09 00:37:42,1.3373,1.3375
715,2023-05-09 00:37:43,1.3372899999999999,1.33749
716,2023-05-09 00:37:48,1.33732,1.33752
717,2023-05-09 00:37:48,1.3373300000000001,1.33753
718,2023-05-09 00:37:59,1.33731,1.33751
719,2023-05-09 00:38:00,1.33731,1.33751
720,2023-05-09 00:38:01,1.33732,1.33752
721,2023-05-09 00:38:01,1.3373300000000001,1.33753
722,2023-05-09 00:38:04,1.33732,1.33752
723,2023-05-09 00:38:05,1.33731,1.33751
724,2023-05-09 00:38:15,1.3373,1.3375
725,2023-05-09 00:38:15,1.3372899999999999,1.33749
726,2023-05-09 00:38:18,1.33723,1.33743
727,2023-05-09 00:38:28,1.33721,1.33741
728,2023-05-09 00:38:28,1.3372,1.3374
729,2023-05-09 00:38:39,1.33722,1.33742
730,2023-05-09 00:38:43,1.33723,1.33743
731,2023-05-09 00:38:44,1.33722,1.33742
732,2023-05-09 00:38:52,1.33719,1.33739
733,2023-05-09 00:38:52,1.3372,1.3374
734,2023-05-09 00:38:55,1.33721,1.33741
735,2023-05-09 00:38:55,1.3372,1.3374
736,2023-05-09 00:39:00,1.3372,1.3374
737,2023-05-09 00:39:03,1.33719,1.33739
738,2023-05-09 00:39:04,1.33717,1.33737
739,2023-05-09 00:39:06,1.33716,1.3373599999999999
740,2023-05-09 00:39:07,1.33717,1.33737
741,2023-05-09 00:39:07,1.3372,1.3374
742,2023-05-09 00:39:07,1.33721,1.33741
743,2023-05-09 00:39:11,1.3372,1.3374
744,2023-05-09 00:39:13,1.33717,1.33737
745,2023-05-09 00:39:16,1.33716,1.3373599999999999
746,2023-05-09 00:39:22,1.33715,1.33735
747,2023-05-09 00:39:24,1.33716,1.3373599999999999
748,2023-05-09 00:39:25,1.33714,1.33734
749,2023-05-09 00:39:40,1.33715,1.33735
750,2023-05-09 00:39:54,1.33714,1.33734
751,2023-05-09 00:39:55,1.33713,1.3373300000000001
752,2023-05-09 00:40:00,1.33713,1.3373300000000001
753,2023-05-09 00:40:02,1.33715,1.33735
754,2023-05-09 00:40:02,1.33714,1.33734
755,2023-05-09 00:40:03,1.33715,1.33735
756,2023-05-09 00:40:08,1.33718,1.33738
757,2023-05-09 00:40:08,1.3372,1.3374
758,2023-05-09 00:40:10,1.33721,1.33741
759,2023-05-09 00:40:11,1.33723,1.33743
760,2023-05-09 00:40:16,1.33722,1.33742
761,2023-05-09 00:40:17,1.33723,1.33743
762,2023-05-09 00:40:23,1.33722,1.33742
763,2023-05-09 00:40:24,1.33723,1.33743
764,2023-05-09 00:40:27,1.33724,1.33744
765,2023-05-09 00:40:38,1.33723,1.33743
766,2023-05-09 00:40:45,1.33722,1.33742
767,2023-05-09 00:40:45,1.3372,1.3374
768,2023-05-09 00:40:49,1.33721,1.33741
769,2023-05-09 00:40:55,1.33723,1.33743
770,2023-05-09 00:41:00,1.33723,1.33743
771,2023-05-09 00:41:04,1.33727,1.33747
772,2023-05-09 00:41:04,1.3372899999999999,1.33749
773,2023-05-09 00:41:07,1.33728,1.33748
774,2023-05-09 00:41:08,1.3372899999999999,1.33749
775,2023-05-09 00:41:11,1.33727,1.33747
776,2023-05-09 00:41:11,1.3372600000000001,1.33746
777,2023-05-09 00:41:13,1.33725,1.33745
778,2023-05-09 00:41:14,1.33728,1.33748
779,2023-05-09 00:41:15,1.33727,1.33747
780,2023-05-09 00:41:20,1.3372600000000001,1.33746
781,2023-05-09 00:41:21,1.33727,1.33747
782,2023-05-09 00:41:21,1.33728,1.33748
783,2023-05-09 00:41:22,1.33727,1.33747
784,2023-05-09 00:41:22,1.33724,1.33744
785,2023-05-09 00:41:40,1.33725,1.33745
786,2023-05-09 00:42:00,1.3372600000000001,1.33746
787,2023-05-09 00:42:00,1.33728,1.33748
788,2023-05-09 00:42:03,1.33727,1.33747
789,2023-05-09 00:42:04,1.33725,1.33745
790,2023-05-09 00:42:05,1.3372600000000001,1.33746
791,2023-05-09 00:42:09,1.33724,1.33744
792,2023-05-09 00:42:13,1.33723,1.33743
793,2023-05-09 00:42:28,1.3372,1.3374
794,2023-05-09 00:42:32,1.33721,1.33741
795,2023-05-09 00:42:33,1.33723,1.33743
796,2023-05-09 00:42:39,1.33722,1.33742
797,2023-05-09 00:42:43,1.33723,1.33743
798,2023-05-09 00:43:00,1.33723,1.33743
799,2023-05-09 00:43:07,1.33725,1.33745
800,2023-05-09 00:43:07,1.33724,1.33744
801,2023-05-09 00:43:08,1.33725,1.33745
802,2023-05-09 00:43:10,1.33724,1.33744
803,2023-05-09 00:43:10,1.33725,1.33745
804,2023-05-09 00:43:11,1.33724,1.33744
805,2023-05-09 00:43:11,1.33725,1.33745
806,2023-05-09 00:43:33,1.3372600000000001,1.33746
807,2023-05-09 00:43:37,1.33727,1.33747
808,2023-05-09 00:43:37,1.33728,1.33748
809,2023-05-09 00:43:49,1.33727,1.33747
810,2023-05-09 00:43:50,1.33728,1.33748
811,2023-05-09 00:43:51,1.33727,1.33747
812,2023-05-09 00:43:52,1.33728,1.33748
813,2023-05-09 00:43:53,1.33724,1.33744
814,2023-05-09 00:43:58,1.33723,1.33743
815,2023-05-09 00:44:00,1.33723,1.33743
816,2023-05-09 00:44:25,1.33724,1.33744
817,2023-05-09 00:44:28,1.33725,1.33745
818,2023-05-09 00:44:28,1.33724,1.33744
819,2023-05-09 00:44:28,1.33725,1.33745
820,2023-05-09 00:44:29,1.33724,1.33744
821,2023-05-09 00:44:29,1.33725,1.33745
822,2023-05-09 00:44:32,1.33724,1.33744
823,2023-05-09 00:44:32,1.33725,1.33745
824,2023-05-09 00:44:35,1.33724,1.33744
825,2023-05-09 00:44:35,1.33725,1.33745
826,2023-05-09 00:44:36,1.33724,1.33744
827,2023-05-09 00:44:53,1.33723,1.33743
828,2023-05-09 00:45:00,1.33724,1.33744
829,2023-05-09 00:45:02,1.33723,1.33743
830,2023-05-09 00:45:02,1.33724,1.33744
831,2023-05-09 00:45:12,1.33723,1.33743
832,2023-05-09 00:45:26,1.33724,1.33744
833,2023-05-09 00:45:30,1.33725,1.33745
834,2023-05-09 00:45:43,1.33724,1.33744
835,2023-05-09 00:45:45,1.33723,1.33743
836,2023-05-09 00:45:46,1.33724,1.33744
837,2023-05-09 00:45:47,1.33723,1.33743
838,2023-05-09 00:45:55,1.33722,1.33742
839,2023-05-09 00:45:55,1.33719,1.33739
840,2023-05-09 00:45:59,1.3372,1.3374
841,2023-05-09 00:46:00,1.3372,1.3374
842,2023-05-09 00:46:02,1.33718,1.33738
843,2023-05-09 00:46:08,1.33716,1.3373599999999999
844,2023-05-09 00:46:11,1.33715,1.33735
845,2023-05-09 00:47:00,1.33715,1.33735
846,2023-05-09 00:47:10,1.33716,1.3373599999999999
847,2023-05-09 00:47:16,1.33718,1.33738
848,2023-05-09 00:47:23,1.33717,1.33737
849,2023-05-09 00:47:30,1.33718,1.33738
850,2023-05-09 00:47:30,1.33719,1.33739
851,2023-05-09 00:47:30,1.33723,1.33743
852,2023-05-09 00:47:31,1.33724,1.33744
853,2023-05-09 00:47:36,1.33723,1.33743
854,2023-05-09 00:47:38,1.33724,1.33744
855,2023-05-09 00:47:55,1.33723,1.33743
856,2023-05-09 00:47:57,1.33724,1.33744
857,2023-05-09 00:47:58,1.33723,1.33743
858,2023-05-09 00:48:00,1.33723,1.33743
859,2023-05-09 00:48:01,1.33724,1.33744
860,2023-05-09 00:48:11,1.33723,1.33743
861,2023-05-09 00:48:12,1.33724,1.33744
862,2023-05-09 00:48:16,1.33723,1.33743
863,2023-05-09 00:48:19,1.33724,1.33744
864,2023-05-09 00:48:20,1.33723,1.33743
865,2023-05-09 00:48:23,1.33724,1.33744
866,2023-05-09 00:48:25,1.33723,1.33743
867,2023-05-09 00:48:32,1.33724,1.33744
868,2023-05-09 00:48:47,1.33723,1.33743
869,2023-05-09 00:48:50,1.33717,1.33737
870,2023-05-09 00:49:00,1.33717,1.33737
871,2023-05-09 00:49:00,1.33716,1.3373599999999999
872,2023-05-09 00:49:01,1.33717,1.33737
873,2023-05-09 00:49:03,1.33716,1.3373599999999999
874,2023-05-09 00:49:03,1.33717,1.33737
875,2023-05-09 00:49:04,1.33716,1.3373599999999999
876,2023-05-09 00:49:04,1.33717,1.33737
877,2023-05-09 00:49:05,1.33716,1.3373599999999999
878,2023-05-09 00:49:06,1.33721,1.33741
879,2023-05-09 00:49:07,1.33725,1.33745
880,2023-05-09 00:49:09,1.33724,1.33744
881,2023-05-09 00:49:17,1.33725,1.33745
882,2023-05-09 00:49:18,1.33724,1.33744
883,2023-05-09 00:49:30,1.33722,1.33742
884,2023-05-09 00:49:32,1.33718,1.33738
885,2023-05-09 00:49:34,1.33722,1.33742
886,2023-05-09 00:49:37,1.33721,1.33741
887,2023-05-09 00:49:38,1.33722,1.33742
888,2023-05-09 00:49:46,1.33719,1.33739
889,2023-05-09 00:49:47,1.33718,1.33738
890,2023-05-09 00:49:47,1.33717,1.33737
891,2023-05-09 00:49:47,1.33718,1.33738
892,2023-05-09 00:49:49,1.33717,1.33737
893,2023-05-09 00:49:49,1.33715,1.33735
894,2023-05-09 00:49:50,1.33713,1.3373300000000001
895,2023-05-09 00:49:50,1.3371,1.3373
896,2023-05-09 00:49:50,1.33709,1.3372899999999999
897,2023-05-09 00:49:54,1.33714,1.33734
898,2023-05-09 00:50:00,1.33714,1.33734
899,2023-05-09 00:50:01,1.33715,1.33735
900,2023-05-09 00:50:02,1.33716,1.3373599999999999
901,2023-05-09 00:50:05,1.33719,1.33739
902,2023-05-09 00:50:06,1.3372,1.3374
903,2023-05-09 00:50:06,1.33721,1.33741
904,2023-05-09 00:50:11,1.33718,1.33738
905,2023-05-09 00:50:15,1.33717,1.33737
906,2023-05-09 00:50:16,1.33716,1.3373599999999999
907,2023-05-09 00:50:16,1.33717,1.33737
908,2023-05-09 00:50:18,1.33716,1.3373599999999999
909,2023-05-09 00:50:24,1.33717,1.33737
910,2023-05-09 00:50:28,1.33716,1.3373599999999999
911,2023-05-09 00:50:30,1.33715,1.33735
912,2023-05-09 00:50:33,1.33714,1.33734
913,2023-05-09 00:50:34,1.33715,1.33735
914,2023-05-09 00:50:35,1.33717,1.33737
915,2023-05-09 00:50:35,1.33716,1.3373599999999999
916,2023-05-09 00:50:35,1.33717,1.33737
917,2023-05-09 00:50:39,1.33716,1.3373599999999999
918,2023-05-09 00:50:41,1.33715,1.33735
919,2023-05-09 00:50:41,1.33716,1.3373599999999999
920,2023-05-09 00:50:43,1.33715,1.33735
921,2023-05-09 00:50:44,1.33714,1.33734
922,2023-05-09 00:50:44,1.33715,1.33735
923,2023-05-09 00:50:45,1.33714,1.33734
924,2023-05-09 00:50:52,1.33713,1.3373300000000001
925,2023-05-09 00:50:52,1.33714,1.33734
926,2023-05-09 00:50:53,1.33713,1.3373300000000001
927,2023-05-09 00:50:53,1.33714,1.33734
928,2023-05-09 00:50:55,1.33715,1.33735
929,2023-05-09 00:50:56,1.33716,1.3373599999999999
930,2023-05-09 00:51:00,1.33716,1.3373599999999999
931,2023-05-09 00:51:00,1.33715,1.33735
932,2023-05-09 00:51:01,1.33714,1.33734
933,2023-05-09 00:51:07,1.33715,1.33735
934,2023-05-09 00:51:08,1.33714,1.33734
935,2023-05-09 00:51:08,1.33713,1.3373300000000001
936,2023-05-09 00:51:09,1.33714,1.33734
937,2023-05-09 00:51:13,1.33713,1.3373300000000001
938,2023-05-09 00:51:14,1.33714,1.33734
939,2023-05-09 00:51:21,1.33715,1.33735
940,2023-05-09 00:51:30,1.33714,1.33734
941,2023-05-09 00:51:39,1.33713,1.3373300000000001
942,2023-05-09 00:51:40,1.33712,1.33732
943,2023-05-09 00:51:43,1.33713,1.3373300000000001
944,2023-05-09 00:51:46,1.33714,1.33734
945,2023-05-09 00:51:52,1.33713,1.3373300000000001
946,2023-05-09 00:51:57,1.33714,1.33734
947,2023-05-09 00:51:59,1.33715,1.33735
948,2023-05-09 00:52:00,1.33716,1.3373599999999999
949,2023-05-09 00:52:00,1.33715,1.33735
950,2023-05-09 00:52:03,1.33714,1.33734
951,2023-05-09 00:52:09,1.33713,1.3373300000000001
952,2023-05-09 00:52:19,1.33714,1.33734
953,2023-05-09 00:52:22,1.33713,1.3373300000000001
954,2023-05-09 00:52:25,1.33714,1.33734
955,2023-05-09 00:52:25,1.33713,1.3373300000000001
956,2023-05-09 00:52:34,1.33714,1.33734
957,2023-05-09 00:52:37,1.33715,1.33735
958,2023-05-09 00:52:37,1.33714,1.33734
959,2023-05-09 00:52:41,1.33715,1.33735
960,2023-05-09 00:52:51,1.33714,1.33734
961,2023-05-09 00:52:54,1.33713,1.3373300000000001
962,2023-05-09 00:53:00,1.33713,1.3373300000000001
963,2023-05-09 00:53:08,1.33714,1.33734
964,2023-05-09 00:53:12,1.33715,1.33735
965,2023-05-09 00:53:24,1.33714,1.33734
966,2023-05-09 00:53:59,1.33715,1.33735
967,2023-05-09 00:54:00,1.33715,1.33735
968,2023-05-09 00:54:00,1.33716,1.3373599999999999
969,2023-05-09 00:54:06,1.33715,1.33735
970,2023-05-09 00:54:07,1.33716,1.3373599999999999
971,2023-05-09 00:54:10,1.33715,1.33735
972,2023-05-09 00:54:11,1.33716,1.3373599999999999
973,2023-05-09 00:54:17,1.33715,1.33735
974,2023-05-09 00:54:27,1.33716,1.3373599999999999
975,2023-05-09 00:54:28,1.33718,1.33738
976,2023-05-09 00:54:28,1.33717,1.33737
977,2023-05-09 00:54:32,1.33716,1.3373599999999999
978,2023-05-09 00:54:34,1.33715,1.33735
979,2023-05-09 00:54:34,1.33716,1.3373599999999999
980,2023-05-09 00:54:36,1.33715,1.33735
981,2023-05-09 00:54:39,1.33716,1.3373599999999999
982,2023-05-09 00:54:43,1.33717,1.33737
983,2023-05-09 00:54:43,1.33716,1.3373599999999999
984,2023-05-09 00:54:44,1.33717,1.33737
985,2023-05-09 00:54:44,1.33718,1.33738
986,2023-05-09 00:54:44,1.33717,1.33737
987,2023-05-09 00:54:46,1.33716,1.3373599999999999
988,2023-05-09 00:54:47,1.33715,1.33735
989,2023-05-09 00:54:49,1.33716,1.3373599999999999
990,2023-05-09 00:54:51,1.33715,1.33735
991,2023-05-09 00:54:52,1.33716,1.3373599999999999
992,2023-05-09 00:54:54,1.33715,1.33735
993,2023-05-09 00:54:59,1.33716,1.3373599999999999
994,2023-05-09 00:55:00,1.3372,1.3374
995,2023-05-09 00:55:00,1.33722,1.33742
996,2023-05-09 00:55:00,1.33723,1.33743
997,2023-05-09 00:55:03,1.33722,1.33742
998,2023-05-09 00:55:04,1.33723,1.33743
999,2023-05-09 00:55:05,1.33722,1.33742
1000,2023-05-09 00:55:05,1.33721,1.33741
1001,2023-05-09 00:55:07,1.3372,1.3374
1002,2023-05-09 00:55:11,1.33721,1.33741
1003,2023-05-09 00:55:12,1.33722,1.33742
1004,2023-05-09 00:55:19,1.33721,1.33741
1005,2023-05-09 00:55:20,1.33722,1.33742
1006,2023-05-09 00:55:21,1.33721,1.33741
1007,2023-05-09 00:55:27,1.33722,1.33742
1008,2023-05-09 00:55:27,1.33723,1.33743
1009,2023-05-09 00:55:30,1.33719,1.33739
1010,2023-05-09 00:55:30,1.33721,1.33741
1011,2023-05-09 00:55:31,1.33722,1.33742
1012,2023-05-09 00:55:31,1.33723,1.33743
1013,2023-05-09 00:55:33,1.33725,1.33745
1014,2023-05-09 00:55:39,1.3372899999999999,1.33749
1015,2023-05-09 00:55:41,1.3373,1.3375
1016,2023-05-09 00:55:41,1.33731,1.33751
1017,2023-05-09 00:55:44,1.3373,1.3375
1018,2023-05-09 00:55:53,1.3372899999999999,1.33749
1019,2023-05-09 00:55:57,1.3373,1.3375
1020,2023-05-09 00:55:58,1.33731,1.33751
1021,2023-05-09 00:56:00,1.33731,1.33751
1022,2023-05-09 00:56:00,1.3372899999999999,1.33749
1023,2023-05-09 00:56:01,1.3372600000000001,1.33746
1024,2023-05-09 00:56:02,1.33725,1.33745
1025,2023-05-09 00:56:03,1.33723,1.33743
1026,2023-05-09 00:56:11,1.33722,1.33742
1027,2023-05-09 00:56:11,1.3372,1.3374
1028,2023-05-09 00:56:12,1.33718,1.33738
1029,2023-05-09 00:56:12,1.3372,1.3374
1030,2023-05-09 00:56:13,1.33721,1.33741
1031,2023-05-09 00:56:15,1.33722,1.33742
1032,2023-05-09 00:56:16,1.33721,1.33741
1033,2023-05-09 00:56:19,1.3372,1.3374
1034,2023-05-09 00:56:26,1.33722,1.33742
1035,2023-05-09 00:56:26,1.33721,1.33741
1036,2023-05-09 00:56:27,1.33718,1.33738
1037,2023-05-09 00:56:27,1.33719,1.33739
1038,2023-05-09 00:56:27,1.3372,1.3374
1039,2023-05-09 00:56:31,1.33721,1.33741
1040,2023-05-09 00:56:33,1.33722,1.33742
1041,2023-05-09 00:56:37,1.33721,1.33741
1042,2023-05-09 00:56:43,1.3372,1.3374
1043,2023-05-09 00:56:43,1.33721,1.33741
1044,2023-05-09 00:56:44,1.3372,1.3374
1045,2023-05-09 00:56:45,1.33721,1.33741
1046,2023-05-09 00:56:51,1.3372,1.3374
1047,2023-05-09 00:56:52,1.33721,1.33741
1048,2023-05-09 00:56:56,1.33722,1.33742
1049,2023-05-09 00:56:56,1.3372,1.3374
1050,2023-05-09 00:56:57,1.33721,1.33741
1051,2023-05-09 00:57:00,1.33721,1.33741
1052,2023-05-09 00:57:01,1.3372,1.3374
1053,2023-05-09 00:57:03,1.33717,1.33737
1054,2023-05-09 00:57:04,1.33718,1.33738
1055,2023-05-09 00:57:11,1.33717,1.33737
1056,2023-05-09 00:57:14,1.33716,1.3373599999999999
1057,2023-05-09 00:57:20,1.33717,1.33737
1058,2023-05-09 00:57:24,1.3372,1.3374
1059,2023-05-09 00:57:27,1.33721,1.33741
1060,2023-05-09 00:57:35,1.3372,1.3374
1061,2023-05-09 00:57:35,1.33721,1.33741
1062,2023-05-09 00:57:35,1.33722,1.33742
1063,2023-05-09 00:57:40,1.33723,1.33743
1064,2023-05-09 00:57:41,1.33724,1.33744
1065,2023-05-09 00:57:47,1.33723,1.33743
1066,2023-05-09 00:57:47,1.3372,1.3374
1067,2023-05-09 00:57:47,1.33721,1.33741
1068,2023-05-09 00:57:47,1.33722,1.33742
1069,2023-05-09 00:57:51,1.33721,1.33741
1070,2023-05-09 00:57:55,1.33722,1.33742
1071,2023-05-09 00:57:57,1.33721,1.33741
1072,2023-05-09 00:57:58,1.33722,1.33742
1073,2023-05-09 00:57:58,1.33721,1.33741
1074,2023-05-09 00:57:58,1.33722,1.33742
1075,2023-05-09 00:58:00,1.33722,1.33742
1076,2023-05-09 00:58:08,1.33723,1.33743
1077,2023-05-09 00:58:09,1.33722,1.33742
1078,2023-05-09 00:58:10,1.3372,1.3374
1079,2023-05-09 00:58:20,1.33717,1.33737
1080,2023-05-09 00:58:21,1.33719,1.33739
1081,2023-05-09 00:58:21,1.3372,1.3374
1082,2023-05-09 00:58:22,1.33721,1.33741
1083,2023-05-09 00:58:26,1.3372,1.3374
1084,2023-05-09 00:58:36,1.33721,1.33741
1085,2023-05-09 00:58:38,1.33722,1.33742
1086,2023-05-09 00:58:38,1.33723,1.33743
1087,2023-05-09 00:58:42,1.33724,1.33744
1088,2023-05-09 00:58:46,1.3372600000000001,1.33746
1089,2023-05-09 00:58:48,1.33728,1.33748
1090,2023-05-09 00:58:52,1.3372899999999999,1.33749
1091,2023-05-09 00:58:53,1.3373,1.3375
1092,2023-05-09 00:58:59,1.33731,1.33751
1093,2023-05-09 00:59:00,1.33731,1.33751
1094,2023-05-09 00:59:03,1.3373,1.3375
1095,2023-05-09 00:59:06,1.3372899999999999,1.33749
1096,2023-05-09 00:59:22,1.3373,1.3375
1097,2023-05-09 00:59:26,1.33731,1.33751
1098,2023-05-09 00:59:30,1.3373,1.3375
1099,2023-05-09 00:59:32,1.33731,1.33751
1100,2023-05-09 00:59:41,1.33732,1.33752
1101,2023-05-09 00:59:43,1.33731,1.33751
1102,2023-05-09 01:00:00,1.3373,1.3375
1103,2023-05-09 01:00:00,1.33731,1.33751
1104,2023-05-09 01:00:02,1.3373,1.3375
1105,2023-05-09 01:00:04,1.33731,1.33751
1106,2023-05-09 01:00:07,1.33732,1.33752
1107,2023-05-09 01:00:09,1.33731,1.33751
1108,2023-05-09 01:00:09,1.3373300000000001,1.33753
1109,2023-05-09 01:00:11,1.33732,1.33752
1110,2023-05-09 01:00:13,1.3373300000000001,1.33753
1111,2023-05-09 01:00:16,1.33734,1.33754
1112,2023-05-09 01:00:17,1.3373300000000001,1.33753
1113,2023-05-09 01:00:18,1.33732,1.33752
1114,2023-05-09 01:00:19,1.3373300000000001,1.33753
1115,2023-05-09 01:00:20,1.33734,1.33754
1116,2023-05-09 01:00:21,1.3373599999999999,1.33756
1117,2023-05-09 01:00:23,1.33735,1.33755
1118,2023-05-09 01:00:24,1.3373599999999999,1.33756
1119,2023-05-09 01:00:31,1.33738,1.33758
1120,2023-05-09 01:00:42,1.3374,1.3376000000000001
1121,2023-05-09 01:00:44,1.33741,1.33761
1122,2023-05-09 01:00:46,1.3374,1.3376000000000001
1123,2023-05-09 01:00:48,1.33741,1.33761
1124,2023-05-09 01:00:48,1.3374,1.3376000000000001
1125,2023-05-09 01:00:49,1.33741,1.33761
1126,2023-05-09 01:00:55,1.3374,1.3376000000000001
1127,2023-05-09 01:00:55,1.33741,1.33761
1128,2023-05-09 01:00:57,1.3374,1.3376000000000001
1129,2023-05-09 01:01:00,1.3374,1.3376000000000001
1130,2023-05-09 01:01:00,1.33739,1.33759
1131,2023-05-09 01:01:04,1.3374,1.3376000000000001
1132,2023-05-09 01:01:05,1.33738,1.33758
1133,2023-05-09 01:01:05,1.33735,1.33755
1134,2023-05-09 01:01:10,1.33734,1.33754
1135,2023-05-09 01:01:10,1.3373300000000001,1.33753
1136,2023-05-09 01:01:13,1.33734,1.33754
1137,2023-05-09 01:01:14,1.3373300000000001,1.33753
1138,2023-05-09 01:01:16,1.33734,1.33754
1139,2023-05-09 01:01:18,1.33735,1.33755
1140,2023-05-09 01:01:19,1.33737,1.33757
1141,2023-05-09 01:01:19,1.33738,1.33758
1142,2023-05-09 01:01:20,1.3374,1.3376000000000001
1143,2023-05-09 01:01:21,1.33739,1.33759
1144,2023-05-09 01:01:22,1.3374,1.3376000000000001
1145,2023-05-09 01:01:31,1.33738,1.33758
1146,2023-05-09 01:01:31,1.33732,1.33752
1147,2023-05-09 01:01:33,1.3373300000000001,1.33753
1148,2023-05-09 01:01:36,1.33735,1.33755
1149,2023-05-09 01:01:36,1.33734,1.33754
1150,2023-05-09 01:01:39,1.3373300000000001,1.33753
1151,2023-05-09 01:01:40,1.33734,1.33754
1152,2023-05-09 01:01:43,1.33735,1.33755
1153,2023-05-09 01:01:49,1.33732,1.33752
1154,2023-05-09 01:01:50,1.33731,1.33751
1155,2023-05-09 01:01:53,1.3373,1.3375
1156,2023-05-09 01:01:53,1.33731,1.33751
1157,2023-05-09 01:01:55,1.3373,1.3375
1158,2023-05-09 01:01:59,1.33728,1.33748
1159,2023-05-09 01:02:00,1.33728,1.33748
1160,2023-05-09 01:02:01,1.3372600000000001,1.33746
1161,2023-05-09 01:02:01,1.33725,1.33745
1162,2023-05-09 01:02:11,1.33724,1.33744
1163,2023-05-09 01:02:21,1.33723,1.33743
1164,2023-05-09 01:02:25,1.33724,1.33744
1165,2023-05-09 01:02:36,1.33725,1.33745
1166,2023-05-09 01:02:37,1.33727,1.33747
1167,2023-05-09 01:02:37,1.33728,1.33748
1168,2023-05-09 01:02:41,1.3372899999999999,1.33749
1169,2023-05-09 01:02:43,1.33728,1.33748
1170,2023-05-09 01:02:50,1.33727,1.33747
1171,2023-05-09 01:02:51,1.33728,1.33748
1172,2023-05-09 01:02:54,1.33727,1.33747
1173,2023-05-09 01:02:59,1.33728,1.33748
1174,2023-05-09 01:03:00,1.33728,1.33748
1175,2023-05-09 01:03:00,1.33727,1.33747
1176,2023-05-09 01:03:01,1.33725,1.33745
1177,2023-05-09 01:03:01,1.33727,1.33747
1178,2023-05-09 01:03:02,1.33728,1.33748
1179,2023-05-09 01:03:04,1.33727,1.33747
1180,2023-05-09 01:03:04,1.33728,1.33748
1181,2023-05-09 01:03:06,1.33727,1.33747
1182,2023-05-09 01:03:12,1.33728,1.33748
1183,2023-05-09 01:03:13,1.3372899999999999,1.33749
1184,2023-05-09 01:03:15,1.33728,1.33748
1185,2023-05-09 01:03:17,1.33725,1.33745
1186,2023-05-09 01:03:18,1.33724,1.33744
1187,2023-05-09 01:03:18,1.33721,1.33741
1188,2023-05-09 01:03:26,1.33719,1.33739
1189,2023-05-09 01:03:26,1.33717,1.33737
1190,2023-05-09 01:03:27,1.33718,1.33738
1191,2023-05-09 01:03:29,1.33719,1.33739
1192,2023-05-09 01:03:29,1.33718,1.33738
1193,2023-05-09 01:03:32,1.33719,1.33739
1194,2023-05-09 01:03:32,1.33718,1.33738
1195,2023-05-09 01:03:47,1.33719,1.33739
1196,2023-05-09 01:03:47,1.3372,1.3374
1197,2023-05-09 01:03:58,1.33718,1.33738
1198,2023-05-09 01:04:00,1.33718,1.33738
1199,2023-05-09 01:04:00,1.33717,1.33737
1200,2023-05-09 01:04:02,1.33715,1.33735
1201,2023-05-09 01:04:02,1.33714,1.33734
1202,2023-05-09 01:04:03,1.33716,1.3373599999999999
1203,2023-05-09 01:04:04,1.33714,1.33734
1204,2023-05-09 01:04:06,1.33715,1.33735
1205,2023-05-09 01:04:07,1.33714,1.33734
1206,2023-05-09 01:04:08,1.33715,1.33735
1207,2023-05-09 01:04:13,1.33713,1.3373300000000001
1208,2023-05-09 01:04:14,1.33714,1.33734
1209,2023-05-09 01:04:14,1.33713,1.3373300000000001
1210,2023-05-09 01:04:18,1.33709,1.3372899999999999
1211,2023-05-09 01:04:19,1.33712,1.33732
1212,2023-05-09 01:04:21,1.33711,1.33731
1213,2023-05-09 01:04:34,1.33712,1.33732
1214,2023-05-09 01:04:39,1.33711,1.33731
1215,2023-05-09 01:04:46,1.33709,1.3372899999999999
1216,2023-05-09 01:04:47,1.33705,1.33725
1217,2023-05-09 01:04:50,1.33703,1.33723
1218,2023-05-09 01:05:00,1.33703,1.33723
1219,2023-05-09 01:05:02,1.33704,1.33724
1220,2023-05-09 01:05:02,1.33703,1.33723
1221,2023-05-09 01:05:03,1.33704,1.33724
1222,2023-05-09 01:05:03,1.33703,1.33723
1223,2023-05-09 01:05:07,1.33705,1.33725
1224,2023-05-09 01:05:08,1.33707,1.33727
1225,2023-05-09 01:05:08,1.33709,1.3372899999999999
1226,2023-05-09 01:05:15,1.33705,1.33725
1227,2023-05-09 01:05:15,1.33704,1.33724
1228,2023-05-09 01:05:19,1.33703,1.33723
1229,2023-05-09 01:05:19,1.3370199999999999,1.33722
1230,2023-05-09 01:05:20,1.33703,1.33723
1231,2023-05-09 01:05:28,1.33704,1.33724
1232,2023-05-09 01:05:29,1.33703,1.33723
1233,2023-05-09 01:05:38,1.3370199999999999,1.33722
1234,2023-05-09 01:05:43,1.33698,1.33718
1235,2023-05-09 01:05:44,1.337,1.3372
1236,2023-05-09 01:05:45,1.3369900000000001,1.33719
1237,2023-05-09 01:05:53,1.33698,1.33718
1238,2023-05-09 01:05:58,1.3369900000000001,1.33719
1239,2023-05-09 01:05:58,1.33698,1.33718
1240,2023-05-09 01:06:00,1.337,1.3372
1241,2023-05-09 01:06:01,1.33701,1.33721
1242,2023-05-09 01:06:03,1.3370199999999999,1.33722
1243,2023-05-09 01:06:07,1.33703,1.33723
1244,2023-05-09 01:06:23,1.3370199999999999,1.33722
1245,2023-05-09 01:06:24,1.33703,1.33723
1246,2023-05-09 01:06:31,1.33701,1.33721
1247,2023-05-09 01:06:31,1.337,1.3372
1248,2023-05-09 01:06:32,1.33701,1.33721
1249,2023-05-09 01:06:36,1.3370199999999999,1.33722
1250,2023-05-09 01:06:37,1.33704,1.33724
1251,2023-05-09 01:06:54,1.33703,1.33723
1252,2023-05-09 01:07:00,1.33703,1.33723
1253,2023-05-09 01:07:06,1.3370199999999999,1.33722
1254,2023-05-09 01:07:07,1.33704,1.33724
1255,2023-05-09 01:07:14,1.33705,1.33725
1256,2023-05-09 01:07:15,1.33703,1.33723
1257,2023-05-09 01:07:17,1.3370600000000001,1.3372600000000001
1258,2023-05-09 01:07:17,1.33707,1.33727
1259,2023-05-09 01:07:19,1.33709,1.3372899999999999
1260,2023-05-09 01:07:20,1.33708,1.33728
1261,2023-05-09 01:07:20,1.33709,1.3372899999999999
1262,2023-05-09 01:07:24,1.33708,1.33728
1263,2023-05-09 01:07:24,1.33707,1.33727
1264,2023-05-09 01:07:27,1.33708,1.33728
1265,2023-05-09 01:07:27,1.33707,1.33727
1266,2023-05-09 01:07:28,1.3370600000000001,1.3372600000000001
1267,2023-05-09 01:07:28,1.33705,1.33725
1268,2023-05-09 01:07:31,1.33704,1.33724
1269,2023-05-09 01:07:33,1.33705,1.33725
1270,2023-05-09 01:07:45,1.3370600000000001,1.3372600000000001
1271,2023-05-09 01:07:48,1.33705,1.33725
1272,2023-05-09 01:07:51,1.3370600000000001,1.3372600000000001
1273,2023-05-09 01:07:53,1.33705,1.33725
1274,2023-05-09 01:08:00,1.33705,1.33725
1275,2023-05-09 01:08:06,1.3370600000000001,1.3372600000000001
1276,2023-05-09 01:08:08,1.33708,1.33728
1277,2023-05-09 01:08:10,1.33707,1.33727
1278,2023-05-09 01:08:17,1.33708,1.33728
1279,2023-05-09 01:08:28,1.33707,1.33727
1280,2023-05-09 01:08:38,1.33705,1.33725
1281,2023-05-09 01:08:43,1.33707,1.33727
1282,2023-05-09 01:08:44,1.33704,1.33724
1283,2023-05-09 01:08:53,1.33705,1.33725
1284,2023-05-09 01:08:56,1.33704,1.33724
1285,2023-05-09 01:08:58,1.33705,1.33725
1286,2023-05-09 01:08:58,1.33707,1.33727
1287,2023-05-09 01:09:00,1.33707,1.33727
1288,2023-05-09 01:09:04,1.33705,1.33725
1289,2023-05-09 01:09:06,1.33704,1.33724
1290,2023-05-09 01:09:06,1.33705,1.33725
1291,2023-05-09 01:09:08,1.33704,1.33724
1292,2023-05-09 01:09:09,1.337,1.3372
1293,2023-05-09 01:09:12,1.33698,1.33718
1294,2023-05-09 01:09:14,1.3369900000000001,1.33719
1295,2023-05-09 01:09:21,1.33698,1.33718
1296,2023-05-09 01:09:22,1.33697,1.33717
1297,2023-05-09 01:09:22,1.33696,1.33716
1298,2023-05-09 01:09:24,1.33697,1.33717
1299,2023-05-09 01:09:27,1.33696,1.33716
1300,2023-05-09 01:09:31,1.33695,1.33715
1301,2023-05-09 01:09:36,1.33694,1.33714
1302,2023-05-09 01:09:36,1.33695,1.33715
1303,2023-05-09 01:09:40,1.33694,1.33714
1304,2023-05-09 01:09:43,1.33695,1.33715
1305,2023-05-09 01:09:56,1.33694,1.33714
1306,2023-05-09 01:09:58,1.33692,1.33712
1307,2023-05-09 01:10:00,1.33692,1.33712
1308,2023-05-09 01:10:00,1.33693,1.33713
1309,2023-05-09 01:10:02,1.33692,1.33712
1310,2023-05-09 01:10:11,1.33691,1.33711
1311,2023-05-09 01:10:16,1.33693,1.33713
1312,2023-05-09 01:10:18,1.33692,1.33712
1313,2023-05-09 01:10:19,1.33693,1.33713
1314,2023-05-09 01:10:19,1.33694,1.33714
1315,2023-05-09 01:10:20,1.33695,1.33715
1316,2023-05-09 01:10:20,1.33697,1.33717
1317,2023-05-09 01:10:22,1.3369900000000001,1.33719
1318,2023-05-09 01:10:22,1.337,1.3372
1319,2023-05-09 01:10:23,1.3369900000000001,1.33719
1320,2023-05-09 01:10:24,1.337,1.3372
1321,2023-05-09 01:10:25,1.3369900000000001,1.33719
1322,2023-05-09 01:10:26,1.33698,1.33718
1323,2023-05-09 01:10:27,1.33696,1.33716
1324,2023-05-09 01:10:29,1.33695,1.33715
1325,2023-05-09 01:10:34,1.33697,1.33717
1326,2023-05-09 01:10:35,1.33696,1.33716
1327,2023-05-09 01:10:40,1.33698,1.33718
1328,2023-05-09 01:10:50,1.33697,1.33717
1329,2023-05-09 01:10:50,1.33696,1.33716
1330,2023-05-09 01:10:56,1.33695,1.33715
1331,2023-05-09 01:11:00,1.33695,1.33715
1332,2023-05-09 01:11:06,1.33693,1.33713
1333,2023-05-09 01:11:06,1.33694,1.33714
1334,2023-05-09 01:11:08,1.33693,1.33713
1335,2023-05-09 01:11:17,1.33692,1.33712
1336,2023-05-09 01:11:17,1.33691,1.33711
1337,2023-05-09 01:11:17,1.33688,1.33708
1338,2023-05-09 01:11:21,1.33687,1.33707
1339,2023-05-09 01:11:22,1.33686,1.3370600000000001
1340,2023-05-09 01:11:26,1.33685,1.33705
1341,2023-05-09 01:11:34,1.33686,1.3370600000000001
1342,2023-05-09 01:11:42,1.33687,1.33707
1343,2023-05-09 01:11:44,1.33688,1.33708
1344,2023-05-09 01:11:47,1.33689,1.33709
1345,2023-05-09 01:11:50,1.33688,1.33708
1346,2023-05-09 01:11:51,1.33687,1.33707
1347,2023-05-09 01:11:56,1.33688,1.33708
1348,2023-05-09 01:12:01,1.33688,1.33708
1349,2023-05-09 01:12:02,1.33687,1.33707
1350,2023-05-09 01:12:02,1.33686,1.3370600000000001
1351,2023-05-09 01:12:05,1.33685,1.33705
1352,2023-05-09 01:12:14,1.33686,1.3370600000000001
1353,2023-05-09 01:12:14,1.33687,1.33707
1354,2023-05-09 01:12:14,1.33688,1.33708
1355,2023-05-09 01:12:15,1.33689,1.33709
1356,2023-05-09 01:12:21,1.33687,1.33707
1357,2023-05-09 01:12:21,1.33686,1.3370600000000001
1358,2023-05-09 01:12:27,1.33684,1.33704
1359,2023-05-09 01:12:29,1.33685,1.33705
1360,2023-05-09 01:12:36,1.33686,1.3370600000000001
1361,2023-05-09 01:12:43,1.33684,1.33704
1362,2023-05-09 01:12:44,1.33683,1.33703
1363,2023-05-09 01:12:46,1.33682,1.3370199999999999
1364,2023-05-09 01:12:46,1.33683,1.33703
1365,2023-05-09 01:13:00,1.33683,1.33703
1366,2023-05-09 01:13:14,1.33682,1.3370199999999999
1367,2023-05-09 01:13:14,1.33678,1.33698
1368,2023-05-09 01:13:16,1.33679,1.3369900000000001
1369,2023-05-09 01:13:22,1.33683,1.33703
1370,2023-05-09 01:13:24,1.33681,1.33701
1371,2023-05-09 01:13:26,1.33682,1.3370199999999999
1372,2023-05-09 01:13:27,1.33681,1.33701
1373,2023-05-09 01:13:31,1.33679,1.3369900000000001
1374,2023-05-09 01:13:32,1.33678,1.33698
1375,2023-05-09 01:13:36,1.33679,1.3369900000000001
1376,2023-05-09 01:13:37,1.33678,1.33698
1377,2023-05-09 01:13:39,1.33679,1.3369900000000001
1378,2023-05-09 01:13:41,1.33678,1.33698
1379,2023-05-09 01:13:44,1.33679,1.3369900000000001
1380,2023-05-09 01:13:45,1.33678,1.33698
1381,2023-05-09 01:13:55,1.33677,1.33697
1382,2023-05-09 01:14:00,1.33677,1.33697
1383,2023-05-09 01:14:04,1.33678,1.33698
1384,2023-05-09 01:14:05,1.33677,1.33697
1385,2023-05-09 01:14:10,1.33676,1.33696
1386,2023-05-09 01:14:10,1.33677,1.33697
1387,2023-05-09 01:14:13,1.3367499999999999,1.33695
1388,2023-05-09 01:14:20,1.33676,1.33696
1389,2023-05-09 01:14:21,1.33678,1.33698
1390,2023-05-09 01:14:25,1.33679,1.3369900000000001
1391,2023-05-09 01:14:25,1.33683,1.33703
1392,2023-05-09 01:14:31,1.3368,1.337
1393,2023-05-09 01:14:32,1.33679,1.3369900000000001
1394,2023-05-09 01:14:37,1.33678,1.33698
1395,2023-05-09 01:14:38,1.33679,1.3369900000000001
1396,2023-05-09 01:14:41,1.33681,1.33701
1397,2023-05-09 01:14:43,1.33679,1.3369900000000001
1398,2023-05-09 01:14:45,1.33678,1.33698
1399,2023-05-09 01:14:45,1.33679,1.3369900000000001
1400,2023-05-09 01:14:53,1.33678,1.33698
1401,2023-05-09 01:14:54,1.33679,1.3369900000000001
1402,2023-05-09 01:14:55,1.33681,1.33701
1403,2023-05-09 01:14:56,1.33684,1.33704
1404,2023-05-09 01:14:56,1.33683,1.33703
1405,2023-05-09 01:14:59,1.33682,1.3370199999999999
1406,2023-05-09 01:15:00,1.3368,1.337
1407,2023-05-09 01:15:00,1.33682,1.3370199999999999
1408,2023-05-09 01:15:02,1.33683,1.33703
1409,2023-05-09 01:15:02,1.33682,1.3370199999999999
1410,2023-05-09 01:15:04,1.33678,1.33698
1411,2023-05-09 01:15:05,1.33677,1.33697
1412,2023-05-09 01:15:06,1.33678,1.33698
1413,2023-05-09 01:15:13,1.33674,1.33694
1414,2023-05-09 01:15:13,1.33673,1.33693
1415,2023-05-09 01:15:15,1.33671,1.33691
1416,2023-05-09 01:15:17,1.33673,1.33693
1417,2023-05-09 01:15:18,1.3367200000000001,1.33692
1418,2023-05-09 01:15:21,1.33674,1.33694
1419,2023-05-09 01:15:22,1.33671,1.33691
1420,2023-05-09 01:15:23,1.33674,1.33694
1421,2023-05-09 01:15:23,1.3367200000000001,1.33692
1422,2023-05-09 01:15:27,1.33673,1.33693
1423,2023-05-09 01:15:31,1.33671,1.33691
1424,2023-05-09 01:15:32,1.3367200000000001,1.33692
1425,2023-05-09 01:15:37,1.33673,1.33693
1426,2023-05-09 01:15:37,1.3367,1.3369
1427,2023-05-09 01:15:39,1.33669,1.33689
1428,2023-05-09 01:15:40,1.3366799999999999,1.33688
1429,2023-05-09 01:15:45,1.33669,1.33689
1430,2023-05-09 01:15:45,1.3366799999999999,1.33688
1431,2023-05-09 01:15:48,1.33667,1.33687
1432,2023-05-09 01:15:48,1.33666,1.33686
1433,2023-05-09 01:15:56,1.3366799999999999,1.33688
1434,2023-05-09 01:16:00,1.33669,1.33689
1435,2023-05-09 01:16:01,1.3367,1.3369
1436,2023-05-09 01:16:02,1.33669,1.33689
1437,2023-05-09 01:16:03,1.33674,1.33694
1438,2023-05-09 01:16:08,1.33669,1.33689
1439,2023-05-09 01:16:09,1.3366799999999999,1.33688
1440,2023-05-09 01:16:11,1.33667,1.33687
1441,2023-05-09 01:16:17,1.3366799999999999,1.33688
1442,2023-05-09 01:16:19,1.33667,1.33687
1443,2023-05-09 01:16:20,1.33666,1.33686
1444,2023-05-09 01:16:21,1.33667,1.33687
1445,2023-05-09 01:16:32,1.33666,1.33686
1446,2023-05-09 01:16:45,1.3366500000000001,1.33685
1447,2023-05-09 01:16:47,1.33667,1.33687
1448,2023-05-09 01:16:47,1.33666,1.33686
1449,2023-05-09 01:16:53,1.3366500000000001,1.33685
1450,2023-05-09 01:16:54,1.33666,1.33686
1451,2023-05-09 01:16:57,1.33667,1.33687
1452,2023-05-09 01:16:59,1.3366799999999999,1.33688
1453,2023-05-09 01:16:59,1.33669,1.33689
1454,2023-05-09 01:17:00,1.33669,1.33689
1455,2023-05-09 01:17:01,1.3366799999999999,1.33688
1456,2023-05-09 01:17:01,1.33667,1.33687
1457,2023-05-09 01:17:10,1.33666,1.33686
1458,2023-05-09 01:17:17,1.33667,1.33687
1459,2023-05-09 01:17:18,1.33666,1.33686
1460,2023-05-09 01:17:33,1.3366500000000001,1.33685
1461,2023-05-09 01:17:35,1.33666,1.33686
1462,2023-05-09 01:17:36,1.33667,1.33687
1463,2023-05-09 01:17:48,1.33666,1.33686
1464,2023-05-09 01:17:58,1.3366500000000001,1.33685
1465,2023-05-09 01:18:00,1.3366500000000001,1.33685
1466,2023-05-09 01:18:02,1.33666,1.33686
1467,2023-05-09 01:18:03,1.3366500000000001,1.33685
1468,2023-05-09 01:18:05,1.33666,1.33686
1469,2023-05-09 01:18:09,1.33667,1.33687
1470,2023-05-09 01:18:09,1.3367,1.3369
1471,2023-05-09 01:18:12,1.33669,1.33689
1472,2023-05-09 01:18:21,1.3366799999999999,1.33688
1473,2023-05-09 01:18:22,1.33669,1.33689
1474,2023-05-09 01:18:40,1.33673,1.33693
1475,2023-05-09 01:18:40,1.3367499999999999,1.33695
1476,2023-05-09 01:18:42,1.33676,1.33696
1477,2023-05-09 01:18:46,1.3367499999999999,1.33695
1478,2023-05-09 01:18:55,1.33676,1.33696
1479,2023-05-09 01:18:57,1.33677,1.33697
1480,2023-05-09 01:18:59,1.33676,1.33696
1481,2023-05-09 01:19:00,1.33676,1.33696
1482,2023-05-09 01:19:09,1.33678,1.33698
1483,2023-05-09 01:19:11,1.33677,1.33697
1484,2023-05-09 01:19:11,1.33678,1.33698
1485,2023-05-09 01:19:17,1.33677,1.33697
1486,2023-05-09 01:19:30,1.33676,1.33696
1487,2023-05-09 01:19:30,1.33677,1.33697
1488,2023-05-09 01:19:37,1.33678,1.33698
1489,2023-05-09 01:19:40,1.33679,1.3369900000000001
1490,2023-05-09 01:19:47,1.3368,1.337
1491,2023-05-09 01:19:48,1.33681,1.33701
1492,2023-05-09 01:19:48,1.33682,1.3370199999999999
1493,2023-05-09 01:19:48,1.33683,1.33703
1494,2023-05-09 01:19:49,1.33684,1.33704
1495,2023-05-09 01:19:49,1.33686,1.3370600000000001
1496,2023-05-09 01:19:50,1.33685,1.33705
1497,2023-05-09 01:19:51,1.33684,1.33704
1498,2023-05-09 01:20:00,1.33685,1.33705
1499,2023-05-09 01:20:01,1.33684,1.33704
1500,2023-05-09 01:20:03,1.33685,1.33705
1501,2023-05-09 01:20:04,1.33687,1.33707
1502,2023-05-09 01:20:12,1.33686,1.3370600000000001
1503,2023-05-09 01:20:13,1.33685,1.33705
1504,2023-05-09 01:20:14,1.33683,1.33703
1505,2023-05-09 01:20:15,1.33684,1.33704
1506,2023-05-09 01:20:17,1.33682,1.3370199999999999
1507,2023-05-09 01:20:17,1.33683,1.33703
1508,2023-05-09 01:20:20,1.33682,1.3370199999999999
1509,2023-05-09 01:20:26,1.33683,1.33703
1510,2023-05-09 01:20:27,1.33682,1.3370199999999999
1511,2023-05-09 01:20:30,1.33683,1.33703
1512,2023-05-09 01:20:34,1.33684,1.33704
1513,2023-05-09 01:20:35,1.33685,1.33705
1514,2023-05-09 01:20:41,1.33691,1.33711
1515,2023-05-09 01:20:56,1.3369,1.3371
1516,2023-05-09 01:20:59,1.33691,1.33711
1517,2023-05-09 01:21:00,1.33691,1.33711
1518,2023-05-09 01:21:00,1.33689,1.33709
1519,2023-05-09 01:21:03,1.33688,1.33708
1520,2023-05-09 01:21:05,1.33689,1.33709
1521,2023-05-09 01:21:10,1.33691,1.33711
1522,2023-05-09 01:21:10,1.33693,1.33713
1523,2023-05-09 01:21:11,1.33692,1.33712
1524,2023-05-09 01:21:15,1.33693,1.33713
1525,2023-05-09 01:21:17,1.33694,1.33714
1526,2023-05-09 01:21:18,1.33695,1.33715
1527,2023-05-09 01:21:19,1.33694,1.33714
1528,2023-05-09 01:21:19,1.33693,1.33713
1529,2023-05-09 01:21:24,1.33694,1.33714
1530,2023-05-09 01:21:24,1.33693,1.33713
1531,2023-05-09 01:21:26,1.33694,1.33714
1532,2023-05-09 01:21:34,1.33693,1.33713
1533,2023-05-09 01:21:34,1.33694,1.33714
1534,2023-05-09 01:21:38,1.33693,1.33713
1535,2023-05-09 01:21:43,1.33694,1.33714
1536,2023-05-09 01:21:43,1.33695,1.33715
1537,2023-05-09 01:21:45,1.33694,1.33714
1538,2023-05-09 01:21:51,1.33693,1.33713
1539,2023-05-09 01:21:53,1.33694,1.33714
1540,2023-05-09 01:21:53,1.33695,1.33715
1541,2023-05-09 01:21:58,1.33693,1.33713
1542,2023-05-09 01:21:59,1.33694,1.33714
1543,2023-05-09 01:22:00,1.33694,1.33714
1544,2023-05-09 01:22:04,1.33693,1.33713
1545,2023-05-09 01:22:07,1.33694,1.33714
1546,2023-05-09 01:22:10,1.33693,1.33713
1547,2023-05-09 01:22:11,1.33689,1.33709
1548,2023-05-09 01:22:11,1.33688,1.33708
1549,2023-05-09 01:22:12,1.33687,1.33707
1550,2023-05-09 01:22:13,1.33688,1.33708
1551,2023-05-09 01:22:16,1.33692,1.33712
1552,2023-05-09 01:22:17,1.33693,1.33713
1553,2023-05-09 01:22:27,1.33692,1.33712
1554,2023-05-09 01:22:31,1.33693,1.33713
1555,2023-05-09 01:22:37,1.33692,1.33712
1556,2023-05-09 01:22:44,1.33693,1.33713
1557,2023-05-09 01:22:45,1.33692,1.33712
1558,2023-05-09 01:22:55,1.33694,1.33714
1559,2023-05-09 01:22:58,1.33698,1.33718
1560,2023-05-09 01:23:00,1.33698,1.33718
1561,2023-05-09 01:23:01,1.337,1.3372
1562,2023-05-09 01:23:06,1.33701,1.33721
1563,2023-05-09 01:23:07,1.337,1.3372
1564,2023-05-09 01:23:16,1.3369900000000001,1.33719
1565,2023-05-09 01:23:16,1.33697,1.33717
1566,2023-05-09 01:23:16,1.33694,1.33714
1567,2023-05-09 01:23:19,1.33693,1.33713
1568,2023-05-09 01:23:27,1.33692,1.33712
1569,2023-05-09 01:23:32,1.33693,1.33713
1570,2023-05-09 01:23:49,1.33694,1.33714
1571,2023-05-09 01:23:50,1.33695,1.33715
1572,2023-05-09 01:23:50,1.33697,1.33717
1573,2023-05-09 01:23:55,1.3369900000000001,1.33719
1574,2023-05-09 01:23:55,1.33696,1.33716
1575,2023-05-09 01:23:56,1.33694,1.33714
1576,2023-05-09 01:23:57,1.33696,1.33716
1577,2023-05-09 01:24:00,1.33696,1.33716
1578,2023-05-09 01:24:01,1.3369900000000001,1.33719
1579,2023-05-09 01:24:03,1.33698,1.33718
1580,2023-05-09 01:24:06,1.33696,1.33716
1581,2023-05-09 01:24:07,1.33695,1.33715
1582,2023-05-09 01:24:08,1.33694,1.33714
1583,2023-05-09 01:24:09,1.33695,1.33715
1584,2023-05-09 01:24:12,1.33697,1.33717
1585,2023-05-09 01:24:20,1.33696,1.33716
1586,2023-05-09 01:24:23,1.33695,1.33715
1587,2023-05-09 01:24:34,1.33694,1.33714
1588,2023-05-09 01:24:36,1.33695,1.33715
1589,2023-05-09 01:24:37,1.33694,1.33714
1590,2023-05-09 01:24:42,1.33695,1.33715
1591,2023-05-09 01:24:45,1.3369900000000001,1.33719
1592,2023-05-09 01:24:46,1.337,1.3372
1593,2023-05-09 01:24:48,1.33701,1.33721
1594,2023-05-09 01:24:49,1.337,1.3372
1595,2023-05-09 01:24:51,1.33701,1.33721
1596,2023-05-09 01:25:00,1.33701,1.33721
1597,2023-05-09 01:25:01,1.33696,1.33716
1598,2023-05-09 01:25:09,1.33695,1.33715
1599,2023-05-09 01:25:13,1.33693,1.33713
1600,2023-05-09 01:25:16,1.33692,1.33712
1601,2023-05-09 01:25:16,1.3369,1.3371
1602,2023-05-09 01:25:18,1.33689,1.33709
1603,2023-05-09 01:25:18,1.3369,1.3371
1604,2023-05-09 01:25:19,1.33692,1.33712
1605,2023-05-09 01:25:29,1.33691,1.33711
1606,2023-05-09 01:25:32,1.33689,1.33709
1607,2023-05-09 01:25:33,1.33691,1.33711
1608,2023-05-09 01:25:36,1.33692,1.33712
1609,2023-05-09 01:25:37,1.33693,1.33713
1610,2023-05-09 01:25:37,1.33694,1.33714
1611,2023-05-09 01:25:38,1.33693,1.33713
1612,2023-05-09 01:25:46,1.33692,1.33712
1613,2023-05-09 01:25:51,1.33691,1.33711
1614,2023-05-09 01:25:52,1.33689,1.33709
1615,2023-05-09 01:25:54,1.3369,1.3371
1616,2023-05-09 01:25:56,1.33691,1.33711
1617,2023-05-09 01:25:57,1.3369,1.3371
1618,2023-05-09 01:25:58,1.33691,1.33711
1619,2023-05-09 01:25:58,1.33692,1.33712
1620,2023-05-09 01:26:00,1.33692,1.33712
1621,2023-05-09 01:26:01,1.33688,1.33708
1622,2023-05-09 01:26:03,1.3369,1.3371
1623,2023-05-09 01:26:07,1.33691,1.33711
1624,2023-05-09 01:26:12,1.33688,1.33708
1625,2023-05-09 01:26:17,1.3369,1.3371
1626,2023-05-09 01:26:18,1.33692,1.33712
1627,2023-05-09 01:26:21,1.33694,1.33714
1628,2023-05-09 01:26:25,1.33693,1.33713
1629,2023-05-09 01:26:33,1.33694,1.33714
1630,2023-05-09 01:26:35,1.33693,1.33713
1631,2023-05-09 01:26:36,1.33692,1.33712
1632,2023-05-09 01:26:46,1.33691,1.33711
1633,2023-05-09 01:26:47,1.3369,1.3371
1634,2023-05-09 01:27:00,1.3369,1.3371
1635,2023-05-09 01:27:07,1.33686,1.3370600000000001
1636,2023-05-09 01:27:08,1.33685,1.33705
1637,2023-05-09 01:27:24,1.33687,1.33707
1638,2023-05-09 01:27:25,1.33692,1.33712
1639,2023-05-09 01:27:28,1.3369,1.3371
1640,2023-05-09 01:27:33,1.33691,1.33711
1641,2023-05-09 01:27:39,1.3369,1.3371
1642,2023-05-09 01:27:42,1.33689,1.33709
1643,2023-05-09 01:27:43,1.33688,1.33708
1644,2023-05-09 01:27:44,1.33686,1.3370600000000001
1645,2023-05-09 01:27:46,1.33687,1.33707
1646,2023-05-09 01:27:47,1.3369,1.3371
1647,2023-05-09 01:27:53,1.33689,1.33709
1648,2023-05-09 01:27:54,1.3369,1.3371
1649,2023-05-09 01:28:00,1.3369,1.3371
1650,2023-05-09 01:28:01,1.33691,1.33711
1651,2023-05-09 01:28:06,1.33688,1.33708
1652,2023-05-09 01:28:06,1.3369,1.3371
1653,2023-05-09 01:28:07,1.33689,1.33709
1654,2023-05-09 01:28:08,1.33691,1.33711
1655,2023-05-09 01:28:13,1.33689,1.33709
1656,2023-05-09 01:28:13,1.33687,1.33707
1657,2023-05-09 01:28:13,1.33686,1.3370600000000001
1658,2023-05-09 01:28:14,1.33685,1.33705
1659,2023-05-09 01:28:15,1.33684,1.33704
1660,2023-05-09 01:28:17,1.33683,1.33703
1661,2023-05-09 01:28:17,1.33684,1.33704
1662,2023-05-09 01:28:19,1.33682,1.3370199999999999
1663,2023-05-09 01:28:25,1.33677,1.33697
1664,2023-05-09 01:28:26,1.33676,1.33696
1665,2023-05-09 01:28:27,1.33677,1.33697
1666,2023-05-09 01:28:27,1.33676,1.33696
1667,2023-05-09 01:28:30,1.33678,1.33698
1668,2023-05-09 01:28:32,1.33679,1.3369900000000001
1669,2023-05-09 01:28:33,1.3368,1.337
1670,2023-05-09 01:28:34,1.33681,1.33701
1671,2023-05-09 01:28:36,1.3368,1.337
1672,2023-05-09 01:28:40,1.33681,1.33701
1673,2023-05-09 01:28:41,1.3368,1.337
1674,2023-05-09 01:28:41,1.33679,1.3369900000000001
1675,2023-05-09 01:28:45,1.3368,1.337
1676,2023-05-09 01:28:46,1.33679,1.3369900000000001
1677,2023-05-09 01:28:48,1.33678,1.33698
1678,2023-05-09 01:28:48,1.33677,1.33697
1679,2023-05-09 01:28:51,1.33678,1.33698
1680,2023-05-09 01:28:53,1.33679,1.3369900000000001
1681,2023-05-09 01:28:55,1.33681,1.33701
1682,2023-05-09 01:28:55,1.3368,1.337
1683,2023-05-09 01:28:56,1.33679,1.3369900000000001
1684,2023-05-09 01:29:00,1.33679,1.3369900000000001
1685,2023-05-09 01:29:10,1.33677,1.33697
1686,2023-05-09 01:29:11,1.33676,1.33696
1687,2023-05-09 01:29:13,1.33678,1.33698
1688,2023-05-09 01:29:16,1.33679,1.3369900000000001
1689,2023-05-09 01:29:20,1.3368,1.337
1690,2023-05-09 01:29:23,1.33678,1.33698
1691,2023-05-09 01:29:28,1.33679,1.3369900000000001
1692,2023-05-09 01:29:34,1.3368,1.337
1693,2023-05-09 01:29:37,1.33681,1.33701
1694,2023-05-09 01:29:42,1.33682,1.3370199999999999
1695,2023-05-09 01:29:42,1.33683,1.33703
1696,2023-05-09 01:29:47,1.33682,1.3370199999999999
1697,2023-05-09 01:29:47,1.33681,1.33701
1698,2023-05-09 01:29:47,1.33682,1.3370199999999999
1699,2023-05-09 01:29:48,1.33684,1.33704
1700,2023-05-09 01:29:54,1.33686,1.3370600000000001
1701,2023-05-09 01:29:55,1.33688,1.33708
1702,2023-05-09 01:29:55,1.33687,1.33707
1703,2023-05-09 01:29:57,1.3369,1.3371
1704,2023-05-09 01:29:58,1.33688,1.33708
1705,2023-05-09 01:30:00,1.33688,1.33708
1706,2023-05-09 01:30:00,1.33686,1.3370600000000001
1707,2023-05-09 01:30:03,1.33685,1.33705
1708,2023-05-09 01:30:04,1.33684,1.33704
1709,2023-05-09 01:30:08,1.3368,1.337
1710,2023-05-09 01:30:08,1.33681,1.33701
1711,2023-05-09 01:30:19,1.33677,1.33697
1712,2023-05-09 01:30:20,1.3367499999999999,1.33695
1713,2023-05-09 01:30:22,1.33678,1.33698
1714,2023-05-09 01:30:27,1.33677,1.33697
1715,2023-05-09 01:30:28,1.33676,1.33696
1716,2023-05-09 01:30:39,1.3367499999999999,1.33695
1717,2023-05-09 01:30:44,1.33676,1.33696
1718,2023-05-09 01:30:47,1.3367499999999999,1.33695
1719,2023-05-09 01:30:51,1.33676,1.33696
1720,2023-05-09 01:30:56,1.33673,1.33693
1721,2023-05-09 01:30:57,1.3367200000000001,1.33692
1722,2023-05-09 01:30:58,1.3367,1.3369
1723,2023-05-09 01:31:00,1.3367,1.3369
1724,2023-05-09 01:31:01,1.33669,1.33689
1725,2023-05-09 01:31:02,1.33666,1.33686
1726,2023-05-09 01:31:02,1.33667,1.33687
1727,2023-05-09 01:31:03,1.33664,1.33684
1728,2023-05-09 01:31:05,1.33663,1.33683
1729,2023-05-09 01:31:06,1.33662,1.33682
1730,2023-05-09 01:31:10,1.33663,1.33683
1731,2023-05-09 01:31:13,1.33664,1.33684
1732,2023-05-09 01:31:14,1.33663,1.33683
1733,2023-05-09 01:31:20,1.33664,1.33684
1734,2023-05-09 01:31:21,1.33663,1.33683
1735,2023-05-09 01:31:22,1.33662,1.33682
1736,2023-05-09 01:31:23,1.33663,1.33683
1737,2023-05-09 01:31:25,1.33662,1.33682
1738,2023-05-09 01:31:30,1.33658,1.33678
1739,2023-05-09 01:31:32,1.33657,1.33677
1740,2023-05-09 01:31:38,1.33662,1.33682
1741,2023-05-09 01:31:47,1.33661,1.33681
1742,2023-05-09 01:31:49,1.33662,1.33682
1743,2023-05-09 01:31:58,1.33661,1.33681
1744,2023-05-09 01:31:58,1.3366,1.3368
1745,2023-05-09 01:31:59,1.33659,1.33679
1746,2023-05-09 01:31:59,1.33661,1.33681
1747,2023-05-09 01:32:00,1.33661,1.33681
1748,2023-05-09 01:32:00,1.3366,1.3368
1749,2023-05-09 01:32:00,1.33661,1.33681
1750,2023-05-09 01:32:05,1.33662,1.33682
1751,2023-05-09 01:32:05,1.33663,1.33683
1752,2023-05-09 01:32:06,1.33662,1.33682
1753,2023-05-09 01:32:10,1.33663,1.33683
1754,2023-05-09 01:32:13,1.33662,1.33682
1755,2023-05-09 01:32:13,1.33663,1.33683
1756,2023-05-09 01:32:14,1.3366500000000001,1.33685
1757,2023-05-09 01:32:15,1.33666,1.33686
1758,2023-05-09 01:32:15,1.33667,1.33687
1759,2023-05-09 01:32:16,1.33666,1.33686
1760,2023-05-09 01:32:18,1.3366799999999999,1.33688
1761,2023-05-09 01:32:19,1.33667,1.33687
1762,2023-05-09 01:32:21,1.3366799999999999,1.33688
1763,2023-05-09 01:32:23,1.33667,1.33687
1764,2023-05-09 01:32:23,1.3366799999999999,1.33688
1765,2023-05-09 01:32:24,1.33667,1.33687
1766,2023-05-09 01:32:26,1.3366799999999999,1.33688
1767,2023-05-09 01:32:26,1.3367,1.3369
1768,2023-05-09 01:32:27,1.33669,1.33689
1769,2023-05-09 01:32:27,1.3367,1.3369
1770,2023-05-09 01:32:32,1.33671,1.33691
1771,2023-05-09 01:32:32,1.3367,1.3369
1772,2023-05-09 01:32:32,1.33671,1.33691
1773,2023-05-09 01:32:33,1.3367200000000001,1.33692
1774,2023-05-09 01:32:36,1.33671,1.33691
1775,2023-05-09 01:32:36,1.3367,1.3369
1776,2023-05-09 01:32:41,1.33671,1.33691
1777,2023-05-09 01:32:42,1.33673,1.33693
1778,2023-05-09 01:32:45,1.33674,1.33694
1779,2023-05-09 01:32:46,1.33673,1.33693
1780,2023-05-09 01:32:46,1.33674,1.33694
1781,2023-05-09 01:32:46,1.3367499999999999,1.33695
1782,2023-05-09 01:32:53,1.33676,1.33696
1783,2023-05-09 01:32:54,1.3367499999999999,1.33695
1784,2023-05-09 01:32:56,1.33674,1.33694
1785,2023-05-09 01:32:57,1.3367499999999999,1.33695
1786,2023-05-09 01:32:58,1.33674,1.33694
1787,2023-05-09 01:32:59,1.33673,1.33693
1788,2023-05-09 01:33:00,1.33673,1.33693
1789,2023-05-09 01:33:01,1.3367200000000001,1.33692
1790,2023-05-09 01:33:02,1.33676,1.33696
1791,2023-05-09 01:33:03,1.3367499999999999,1.33695
1792,2023-05-09 01:33:03,1.33674,1.33694
1793,2023-05-09 01:33:04,1.33673,1.33693
1794,2023-05-09 01:33:05,1.33674,1.33694
1795,2023-05-09 01:33:05,1.33673,1.33693
1796,2023-05-09 01:33:06,1.3367200000000001,1.33692
1797,2023-05-09 01:33:08,1.33673,1.33693
1798,2023-05-09 01:33:08,1.3367200000000001,1.33692
1799,2023-05-09 01:33:10,1.33671,1.33691
1800,2023-05-09 01:33:11,1.3367200000000001,1.33692
1801,2023-05-09 01:33:11,1.33674,1.33694
1802,2023-05-09 01:33:12,1.3367499999999999,1.33695
1803,2023-05-09 01:33:12,1.33678,1.33698
1804,2023-05-09 01:33:14,1.33679,1.3369900000000001
1805,2023-05-09 01:33:20,1.33677,1.33697
1806,2023-05-09 01:33:20,1.3367499999999999,1.33695
1807,2023-05-09 01:33:23,1.33676,1.33696
1808,2023-05-09 01:33:24,1.33677,1.33697
1809,2023-05-09 01:33:24,1.33676,1.33696
1810,2023-05-09 01:33:27,1.33677,1.33697
1811,2023-05-09 01:33:28,1.3368,1.337
1812,2023-05-09 01:33:31,1.33679,1.3369900000000001
1813,2023-05-09 01:33:43,1.33682,1.3370199999999999
1814,2023-05-09 01:33:44,1.33681,1.33701
1815,2023-05-09 01:33:44,1.3368,1.337
1816,2023-05-09 01:33:48,1.33681,1.33701
1817,2023-05-09 01:33:48,1.33682,1.3370199999999999
1818,2023-05-09 01:33:50,1.33681,1.33701
1819,2023-05-09 01:33:51,1.3368,1.337
1820,2023-05-09 01:33:53,1.33681,1.33701
1821,2023-05-09 01:33:55,1.3368,1.337
1822,2023-05-09 01:33:55,1.33681,1.33701
1823,2023-05-09 01:34:00,1.33681,1.33701
1824,2023-05-09 01:34:00,1.3368,1.337
1825,2023-05-09 01:34:01,1.33682,1.3370199999999999
1826,2023-05-09 01:34:03,1.33681,1.33701
1827,2023-05-09 01:34:04,1.33682,1.3370199999999999
1828,2023-05-09 01:34:05,1.33681,1.33701
1829,2023-05-09 01:34:09,1.33682,1.3370199999999999
1830,2023-05-09 01:34:10,1.33681,1.33701
1831,2023-05-09 01:34:13,1.33682,1.3370199999999999
1832,2023-05-09 01:34:15,1.33681,1.33701
1833,2023-05-09 01:34:16,1.3368,1.337
1834,2023-05-09 01:34:16,1.33681,1.33701
1835,2023-05-09 01:34:17,1.3368,1.337
1836,2023-05-09 01:34:17,1.33681,1.33701
1837,2023-05-09 01:34:17,1.3368,1.337
1838,2023-05-09 01:34:17,1.33681,1.33701
1839,2023-05-09 01:34:20,1.33682,1.3370199999999999
1840,2023-05-09 01:34:21,1.33683,1.33703
1841,2023-05-09 01:34:21,1.33682,1.3370199999999999
1842,2023-05-09 01:34:21,1.33681,1.33701
1843,2023-05-09 01:34:22,1.33682,1.3370199999999999
1844,2023-05-09 01:34:23,1.33684,1.33704
1845,2023-05-09 01:34:24,1.33683,1.33703
1846,2023-05-09 01:34:25,1.33681,1.33701
1847,2023-05-09 01:34:25,1.33682,1.3370199999999999
1848,2023-05-09 01:34:25,1.33681,1.33701
1849,2023-05-09 01:34:26,1.33682,1.3370199999999999
1850,2023-05-09 01:34:27,1.33683,1.33703
1851,2023-05-09 01:34:28,1.33684,1.33704
1852,2023-05-09 01:34:35,1.33685,1.33705
1853,2023-05-09 01:34:36,1.33684,1.33704
1854,2023-05-09 01:34:37,1.33685,1.33705
1855,2023-05-09 01:34:37,1.33686,1.3370600000000001
1856,2023-05-09 01:34:37,1.33692,1.33712
1857,2023-05-09 01:34:38,1.33691,1.33711
1858,2023-05-09 01:34:38,1.33692,1.33712
1859,2023-05-09 01:34:40,1.33691,1.33711
1860,2023-05-09 01:34:40,1.33693,1.33713
1861,2023-05-09 01:34:41,1.33696,1.33716
1862,2023-05-09 01:34:41,1.33698,1.33718
1863,2023-05-09 01:34:46,1.3369900000000001,1.33719
1864,2023-05-09 01:34:46,1.337,1.3372
1865,2023-05-09 01:34:46,1.3369900000000001,1.33719
1866,2023-05-09 01:34:48,1.337,1.3372
1867,2023-05-09 01:34:50,1.3369900000000001,1.33719
1868,2023-05-09 01:34:53,1.33697,1.33717
1869,2023-05-09 01:34:55,1.33698,1.33718
1870,2023-05-09 01:34:56,1.33697,1.33717
1871,2023-05-09 01:35:00,1.33697,1.33717
1872,2023-05-09 01:35:01,1.33698,1.33718
1873,2023-05-09 01:35:01,1.33701,1.33721
1874,2023-05-09 01:35:02,1.3370199999999999,1.33722
1875,2023-05-09 01:35:02,1.33701,1.33721
1876,2023-05-09 01:35:03,1.3370600000000001,1.3372600000000001
1877,2023-05-09 01:35:11,1.33704,1.33724
1878,2023-05-09 01:35:11,1.3370199999999999,1.33722
1879,2023-05-09 01:35:13,1.33704,1.33724
1880,2023-05-09 01:35:13,1.33703,1.33723
1881,2023-05-09 01:35:14,1.3370199999999999,1.33722
1882,2023-05-09 01:35:16,1.33704,1.33724
1883,2023-05-09 01:35:19,1.3370199999999999,1.33722
1884,2023-05-09 01:35:21,1.33701,1.33721
1885,2023-05-09 01:35:23,1.337,1.3372
1886,2023-05-09 01:35:25,1.33698,1.33718
1887,2023-05-09 01:35:26,1.3369900000000001,1.33719
1888,2023-05-09 01:35:32,1.33701,1.33721
1889,2023-05-09 01:35:34,1.3369900000000001,1.33719
1890,2023-05-09 01:35:35,1.33698,1.33718
1891,2023-05-09 01:35:35,1.33696,1.33716
1892,2023-05-09 01:35:37,1.33695,1.33715
1893,2023-05-09 01:35:41,1.33694,1.33714
1894,2023-05-09 01:35:42,1.33695,1.33715
1895,2023-05-09 01:35:44,1.33694,1.33714
1896,2023-05-09 01:35:44,1.33695,1.33715
1897,2023-05-09 01:35:45,1.33694,1.33714
1898,2023-05-09 01:35:45,1.33697,1.33717
1899,2023-05-09 01:35:46,1.33698,1.33718
1900,2023-05-09 01:35:47,1.33697,1.33717
1901,2023-05-09 01:35:49,1.33698,1.33718
1902,2023-05-09 01:35:50,1.33697,1.33717
1903,2023-05-09 01:35:51,1.33698,1.33718
1904,2023-05-09 01:35:52,1.33697,1.33717
1905,2023-05-09 01:35:55,1.33698,1.33718
1906,2023-05-09 01:35:55,1.33697,1.33717
1907,2023-05-09 01:35:56,1.33698,1.33718
1908,2023-05-09 01:35:57,1.33697,1.33717
1909,2023-05-09 01:36:00,1.33697,1.33717
1910,2023-05-09 01:36:11,1.33693,1.33713
1911,2023-05-09 01:36:11,1.33694,1.33714
1912,2023-05-09 01:36:12,1.33693,1.33713
1913,2023-05-09 01:36:13,1.33694,1.33714
1914,2023-05-09 01:36:13,1.33693,1.33713
1915,2023-05-09 01:36:15,1.33694,1.33714
1916,2023-05-09 01:36:18,1.33693,1.33713
1917,2023-05-09 01:36:19,1.33694,1.33714
1918,2023-05-09 01:36:26,1.33696,1.33716
1919,2023-05-09 01:36:27,1.33695,1.33715
1920,2023-05-09 01:36:34,1.33694,1.33714
1921,2023-05-09 01:36:34,1.33693,1.33713
1922,2023-05-09 01:36:34,1.33695,1.33715
1923,2023-05-09 01:36:35,1.33694,1.33714
1924,2023-05-09 01:36:36,1.33695,1.33715
1925,2023-05-09 01:36:36,1.33693,1.33713
1926,2023-05-09 01:36:36,1.33691,1.33711
1927,2023-05-09 01:36:38,1.33692,1.33712
1928,2023-05-09 01:36:38,1.33695,1.33715
1929,2023-05-09 01:36:40,1.33696,1.33716
1930,2023-05-09 01:36:40,1.33695,1.33715
1931,2023-05-09 01:36:41,1.33696,1.33716
1932,2023-05-09 01:36:42,1.33698,1.33718
1933,2023-05-09 01:36:46,1.33697,1.33717
1934,2023-05-09 01:36:46,1.3369900000000001,1.33719
1935,2023-05-09 01:36:49,1.33698,1.33718
1936,2023-05-09 01:36:53,1.33696,1.33716
1937,2023-05-09 01:36:53,1.33697,1.33717
1938,2023-05-09 01:36:55,1.33698,1.33718
1939,2023-05-09 01:36:57,1.3369900000000001,1.33719
1940,2023-05-09 01:36:57,1.33698,1.33718
1941,2023-05-09 01:37:00,1.33698,1.33718
1942,2023-05-09 01:37:00,1.33697,1.33717
1943,2023-05-09 01:37:01,1.33698,1.33718
1944,2023-05-09 01:37:02,1.3369900000000001,1.33719
1945,2023-05-09 01:37:05,1.337,1.3372
1946,2023-05-09 01:37:06,1.3369900000000001,1.33719
1947,2023-05-09 01:37:06,1.337,1.3372
1948,2023-05-09 01:37:06,1.3369900000000001,1.33719
1949,2023-05-09 01:37:08,1.337,1.3372
1950,2023-05-09 01:37:12,1.33701,1.33721
1951,2023-05-09 01:37:13,1.33703,1.33723
1952,2023-05-09 01:37:13,1.33705,1.33725
1953,2023-05-09 01:37:15,1.33707,1.33727
1954,2023-05-09 01:37:16,1.3370600000000001,1.3372600000000001
1955,2023-05-09 01:37:18,1.33707,1.33727
1956,2023-05-09 01:37:19,1.3370600000000001,1.3372600000000001
1957,2023-05-09 01:37:19,1.33707,1.33727
1958,2023-05-09 01:37:21,1.3370600000000001,1.3372600000000001
1959,2023-05-09 01:37:25,1.33704,1.33724
1960,2023-05-09 01:37:33,1.33703,1.33723
1961,2023-05-09 01:37:36,1.3370199999999999,1.33722
1962,2023-05-09 01:37:37,1.33703,1.33723
1963,2023-05-09 01:37:37,1.33704,1.33724
1964,2023-05-09 01:37:40,1.33703,1.33723
1965,2023-05-09 01:37:41,1.33704,1.33724
1966,2023-05-09 01:37:42,1.3370199999999999,1.33722
1967,2023-05-09 01:37:45,1.33701,1.33721
1968,2023-05-09 01:37:46,1.337,1.3372
1969,2023-05-09 01:37:46,1.3369900000000001,1.33719
1970,2023-05-09 01:37:48,1.337,1.3372
1971,2023-05-09 01:37:51,1.3369900000000001,1.33719
1972,2023-05-09 01:37:51,1.33695,1.33715
1973,2023-05-09 01:37:52,1.33693,1.33713
1974,2023-05-09 01:37:52,1.33694,1.33714
1975,2023-05-09 01:37:53,1.33693,1.33713
1976,2023-05-09 01:37:53,1.33692,1.33712
1977,2023-05-09 01:37:58,1.33691,1.33711
1978,2023-05-09 01:38:00,1.33691,1.33711
1979,2023-05-09 01:38:01,1.33693,1.33713
1980,2023-05-09 01:38:05,1.33692,1.33712
1981,2023-05-09 01:38:05,1.33698,1.33718
1982,2023-05-09 01:38:05,1.33697,1.33717
1983,2023-05-09 01:38:08,1.33696,1.33716
1984,2023-05-09 01:38:11,1.33695,1.33715
1985,2023-05-09 01:38:13,1.33693,1.33713
1986,2023-05-09 01:38:15,1.33691,1.33711
1987,2023-05-09 01:38:17,1.33692,1.33712
1988,2023-05-09 01:38:17,1.33693,1.33713
1989,2023-05-09 01:38:17,1.33694,1.33714
1990,2023-05-09 01:38:19,1.33693,1.33713
1991,2023-05-09 01:38:19,1.33692,1.33712
1992,2023-05-09 01:38:19,1.33691,1.33711
1993,2023-05-09 01:38:20,1.33694,1.33714
1994,2023-05-09 01:38:23,1.33695,1.33715
1995,2023-05-09 01:38:24,1.33693,1.33713
1996,2023-05-09 01:38:24,1.33694,1.33714
1997,2023-05-09 01:38:27,1.33693,1.33713
1998,2023-05-09 01:38:27,1.33694,1.33714
1999,2023-05-09 01:38:28,1.33693,1.33713
2000,2023-05-09 01:38:30,1.33692,1.33712
2001,2023-05-09 01:38:30,1.33691,1.33711
2002,2023-05-09 01:38:33,1.3369,1.3371
2003,2023-05-09 01:38:35,1.33691,1.33711
2004,2023-05-09 01:38:36,1.33692,1.33712
2005,2023-05-09 01:38:38,1.33696,1.33716
2006,2023-05-09 01:38:39,1.33695,1.33715
2007,2023-05-09 01:38:40,1.33694,1.33714
2008,2023-05-09 01:38:40,1.33695,1.33715
2009,2023-05-09 01:38:41,1.33693,1.33713
2010,2023-05-09 01:38:43,1.33694,1.33714
2011,2023-05-09 01:38:44,1.33697,1.33717
2012,2023-05-09 01:38:49,1.33698,1.33718
2013,2023-05-09 01:38:51,1.33697,1.33717
2014,2023-05-09 01:38:57,1.33694,1.33714
2015,2023-05-09 01:38:58,1.33693,1.33713
2016,2023-05-09 01:39:00,1.33693,1.33713
2017,2023-05-09 01:39:00,1.33692,1.33712
2018,2023-05-09 01:39:03,1.33691,1.33711
2019,2023-05-09 01:39:03,1.3369,1.3371
2020,2023-05-09 01:39:04,1.33691,1.33711
2021,2023-05-09 01:39:05,1.3369,1.3371
2022,2023-05-09 01:39:05,1.33689,1.33709
2023,2023-05-09 01:39:10,1.3369,1.3371
2024,2023-05-09 01:39:10,1.33691,1.33711
2025,2023-05-09 01:39:11,1.3369,1.3371
2026,2023-05-09 01:39:12,1.33691,1.33711
2027,2023-05-09 01:39:14,1.3369,1.3371
2028,2023-05-09 01:39:21,1.33689,1.33709
2029,2023-05-09 01:39:22,1.3369,1.3371
2030,2023-05-09 01:39:27,1.33691,1.33711
2031,2023-05-09 01:39:28,1.33696,1.33716
2032,2023-05-09 01:39:29,1.33698,1.33718
2033,2023-05-09 01:39:29,1.33697,1.33717
2034,2023-05-09 01:39:43,1.33698,1.33718
2035,2023-05-09 01:39:43,1.3369900000000001,1.33719
2036,2023-05-09 01:39:44,1.33698,1.33718
2037,2023-05-09 01:39:49,1.3369900000000001,1.33719
2038,2023-05-09 01:39:49,1.33701,1.33721
2039,2023-05-09 01:39:49,1.337,1.3372
2040,2023-05-09 01:39:56,1.3369900000000001,1.33719
2041,2023-05-09 01:39:57,1.337,1.3372
2042,2023-05-09 01:40:00,1.337,1.3372
2043,2023-05-09 01:40:00,1.33701,1.33721
2044,2023-05-09 01:40:01,1.3370600000000001,1.3372600000000001
2045,2023-05-09 01:40:01,1.33707,1.33727
2046,2023-05-09 01:40:02,1.3370600000000001,1.3372600000000001
2047,2023-05-09 01:40:04,1.33707,1.33727
2048,2023-05-09 01:40:05,1.3370600000000001,1.3372600000000001
2049,2023-05-09 01:40:10,1.33707,1.33727
2050,2023-05-09 01:40:11,1.3370600000000001,1.3372600000000001
2051,2023-05-09 01:40:13,1.33708,1.33728
2052,2023-05-09 01:40:15,1.33707,1.33727
2053,2023-05-09 01:40:16,1.33708,1.33728
2054,2023-05-09 01:40:17,1.33707,1.33727
2055,2023-05-09 01:40:18,1.3370600000000001,1.3372600000000001
2056,2023-05-09 01:40:18,1.33707,1.33727
2057,2023-05-09 01:40:20,1.33709,1.3372899999999999
2058,2023-05-09 01:40:20,1.3371,1.3373
2059,2023-05-09 01:40:22,1.33713,1.3373300000000001
2060,2023-05-09 01:40:22,1.33712,1.33732
2061,2023-05-09 01:40:23,1.33713,1.3373300000000001
2062,2023-05-09 01:40:26,1.33711,1.33731
2063,2023-05-09 01:40:28,1.3371,1.3373
2064,2023-05-09 01:40:33,1.33709,1.3372899999999999
2065,2023-05-09 01:40:33,1.3371,1.3373
2066,2023-05-09 01:40:35,1.33711,1.33731
2067,2023-05-09 01:40:41,1.3371,1.3373
2068,2023-05-09 01:40:44,1.33711,1.33731
2069,2023-05-09 01:40:50,1.33712,1.33732
2070,2023-05-09 01:40:53,1.33711,1.33731
2071,2023-05-09 01:40:58,1.33712,1.33732
2072,2023-05-09 01:40:59,1.33713,1.3373300000000001
2073,2023-05-09 01:41:00,1.33712,1.33732
2074,2023-05-09 01:41:00,1.33711,1.33731
2075,2023-05-09 01:41:02,1.33709,1.3372899999999999
2076,2023-05-09 01:41:06,1.33707,1.33727
2077,2023-05-09 01:41:10,1.33708,1.33728
2078,2023-05-09 01:41:11,1.33709,1.3372899999999999
2079,2023-05-09 01:41:12,1.3371,1.3373
2080,2023-05-09 01:41:13,1.33713,1.3373300000000001
2081,2023-05-09 01:41:14,1.33714,1.33734
2082,2023-05-09 01:41:15,1.33713,1.3373300000000001
2083,2023-05-09 01:41:15,1.33712,1.33732
2084,2023-05-09 01:41:20,1.33711,1.33731
2085,2023-05-09 01:41:21,1.3371,1.3373
2086,2023-05-09 01:41:22,1.33709,1.3372899999999999
2087,2023-05-09 01:41:24,1.3371,1.3373
2088,2023-05-09 01:41:27,1.33711,1.33731
2089,2023-05-09 01:41:27,1.3371,1.3373
2090,2023-05-09 01:41:32,1.33708,1.33728
2091,2023-05-09 01:41:33,1.33709,1.3372899999999999
2092,2023-05-09 01:41:34,1.3371,1.3373
2093,2023-05-09 01:41:35,1.33709,1.3372899999999999
2094,2023-05-09 01:41:42,1.33711,1.33731
2095,2023-05-09 01:41:42,1.33713,1.3373300000000001
2096,2023-05-09 01:41:50,1.33716,1.3373599999999999
2097,2023-05-09 01:41:50,1.33718,1.33738
2098,2023-05-09 01:41:51,1.33719,1.33739
2099,2023-05-09 01:41:52,1.3372,1.3374
2100,2023-05-09 01:41:52,1.33721,1.33741
2101,2023-05-09 01:41:53,1.3372600000000001,1.33746
2102,2023-05-09 01:41:53,1.33725,1.33745
2103,2023-05-09 01:41:56,1.33727,1.33747
2104,2023-05-09 01:41:57,1.33728,1.33748
2105,2023-05-09 01:41:58,1.3372899999999999,1.33749
2106,2023-05-09 01:42:00,1.3372899999999999,1.33749
2107,2023-05-09 01:42:00,1.33731,1.33751
2108,2023-05-09 01:42:01,1.33732,1.33752
2109,2023-05-09 01:42:01,1.3373300000000001,1.33753
2110,2023-05-09 01:42:03,1.33734,1.33754
2111,2023-05-09 01:42:03,1.3373300000000001,1.33753
2112,2023-05-09 01:42:06,1.33732,1.33752
2113,2023-05-09 01:42:06,1.33731,1.33751
2114,2023-05-09 01:42:07,1.33732,1.33752
2115,2023-05-09 01:42:08,1.3373,1.3375
2116,2023-05-09 01:42:09,1.33731,1.33751
2117,2023-05-09 01:42:10,1.3373,1.3375
2118,2023-05-09 01:42:11,1.3372899999999999,1.33749
2119,2023-05-09 01:42:11,1.3373,1.3375
2120,2023-05-09 01:42:14,1.3372899999999999,1.33749
2121,2023-05-09 01:42:16,1.3373,1.3375
2122,2023-05-09 01:42:18,1.3372899999999999,1.33749
2123,2023-05-09 01:42:19,1.3372600000000001,1.33746
2124,2023-05-09 01:42:19,1.33725,1.33745
2125,2023-05-09 01:42:22,1.3372899999999999,1.33749
2126,2023-05-09 01:42:23,1.3373300000000001,1.33753
2127,2023-05-09 01:42:34,1.3373,1.3375
2128,2023-05-09 01:42:35,1.3372899999999999,1.33749
2129,2023-05-09 01:42:40,1.3373,1.3375
2130,2023-05-09 01:42:43,1.3372899999999999,1.33749
2131,2023-05-09 01:42:48,1.33731,1.33751
2132,2023-05-09 01:42:48,1.33732,1.33752
2133,2023-05-09 01:42:51,1.33731,1.33751
2134,2023-05-09 01:42:52,1.3372899999999999,1.33749
2135,2023-05-09 01:42:53,1.3373,1.3375
2136,2023-05-09 01:42:59,1.3372899999999999,1.33749
2137,2023-05-09 01:43:00,1.3372899999999999,1.33749
2138,2023-05-09 01:43:00,1.3373,1.3375
2139,2023-05-09 01:43:00,1.33731,1.33751
2140,2023-05-09 01:43:01,1.33732,1.33752
2141,2023-05-09 01:43:09,1.3373300000000001,1.33753
2142,2023-05-09 01:43:09,1.33734,1.33754
2143,2023-05-09 01:43:14,1.33735,1.33755
2144,2023-05-09 01:43:22,1.33737,1.33757
2145,2023-05-09 01:43:23,1.3374,1.3376000000000001
2146,2023-05-09 01:43:23,1.33741,1.33761
2147,2023-05-09 01:43:27,1.3374,1.3376000000000001
2148,2023-05-09 01:43:28,1.33739,1.33759
2149,2023-05-09 01:43:28,1.33738,1.33758
2150,2023-05-09 01:43:29,1.33735,1.33755
2151,2023-05-09 01:43:29,1.33734,1.33754
2152,2023-05-09 01:43:29,1.33737,1.33757
2153,2023-05-09 01:43:30,1.33738,1.33758
2154,2023-05-09 01:43:31,1.33739,1.33759
2155,2023-05-09 01:43:31,1.3374,1.3376000000000001
2156,2023-05-09 01:43:32,1.33741,1.33761
2157,2023-05-09 01:43:34,1.3374,1.3376000000000001
2158,2023-05-09 01:43:36,1.33739,1.33759
2159,2023-05-09 01:43:40,1.3374,1.3376000000000001
2160,2023-05-09 01:43:40,1.33739,1.33759
2161,2023-05-09 01:43:42,1.33742,1.33762
2162,2023-05-09 01:43:43,1.33741,1.33761
2163,2023-05-09 01:43:44,1.33742,1.33762
2164,2023-05-09 01:43:45,1.33741,1.33761
2165,2023-05-09 01:43:47,1.33742,1.33762
2166,2023-05-09 01:43:58,1.33741,1.33761
2167,2023-05-09 01:43:58,1.33742,1.33762
2168,2023-05-09 01:43:59,1.33741,1.33761
2169,2023-05-09 01:43:59,1.33742,1.33762
2170,2023-05-09 01:44:00,1.33742,1.33762
2171,2023-05-09 01:44:00,1.33741,1.33761
2172,2023-05-09 01:44:03,1.33742,1.33762
2173,2023-05-09 01:44:04,1.33741,1.33761
2174,2023-05-09 01:44:07,1.3374,1.3376000000000001
2175,2023-05-09 01:44:08,1.33741,1.33761
2176,2023-05-09 01:44:09,1.3373599999999999,1.33756
2177,2023-05-09 01:44:10,1.33739,1.33759
2178,2023-05-09 01:44:10,1.3374,1.3376000000000001
2179,2023-05-09 01:44:11,1.33741,1.33761
2180,2023-05-09 01:44:17,1.3374,1.3376000000000001
2181,2023-05-09 01:44:17,1.33739,1.33759
2182,2023-05-09 01:44:18,1.3374,1.3376000000000001
2183,2023-05-09 01:44:18,1.33741,1.33761
2184,2023-05-09 01:44:27,1.3374,1.3376000000000001
2185,2023-05-09 01:44:29,1.33739,1.33759
2186,2023-05-09 01:44:33,1.33735,1.33755
2187,2023-05-09 01:44:34,1.33738,1.33758
2188,2023-05-09 01:44:37,1.33739,1.33759
2189,2023-05-09 01:44:37,1.3374,1.3376000000000001
2190,2023-05-09 01:44:40,1.33739,1.33759
2191,2023-05-09 01:44:40,1.33738,1.33758
2192,2023-05-09 01:44:40,1.3374,1.3376000000000001
2193,2023-05-09 01:44:41,1.33741,1.33761
2194,2023-05-09 01:44:41,1.3374,1.3376000000000001
2195,2023-05-09 01:44:43,1.33741,1.33761
2196,2023-05-09 01:44:44,1.3374,1.3376000000000001
2197,2023-05-09 01:44:46,1.33738,1.33758
2198,2023-05-09 01:44:46,1.33735,1.33755
2199,2023-05-09 01:44:48,1.33734,1.33754
2200,2023-05-09 01:44:50,1.33739,1.33759
2201,2023-05-09 01:44:50,1.3374,1.3376000000000001
2202,2023-05-09 01:44:51,1.33741,1.33761
2203,2023-05-09 01:44:55,1.33742,1.33762
2204,2023-05-09 01:45:00,1.33742,1.33762
2205,2023-05-09 01:45:00,1.33743,1.3376299999999999
2206,2023-05-09 01:45:04,1.33741,1.33761
2207,2023-05-09 01:45:04,1.33739,1.33759
2208,2023-05-09 01:45:04,1.33738,1.33758
2209,2023-05-09 01:45:05,1.33739,1.33759
2210,2023-05-09 01:45:05,1.3374,1.3376000000000001
2211,2023-05-09 01:45:07,1.33739,1.33759
2212,2023-05-09 01:45:08,1.3374,1.3376000000000001
2213,2023-05-09 01:45:12,1.33741,1.33761
2214,2023-05-09 01:45:14,1.33742,1.33762
2215,2023-05-09 01:45:14,1.33743,1.3376299999999999
2216,2023-05-09 01:45:21,1.33742,1.33762
2217,2023-05-09 01:45:22,1.33741,1.33761
2218,2023-05-09 01:45:24,1.33742,1.33762
2219,2023-05-09 01:45:29,1.33745,1.33765
2220,2023-05-09 01:45:31,1.33746,1.33766
2221,2023-05-09 01:45:32,1.33742,1.33762
2222,2023-05-09 01:45:34,1.33741,1.33761
2223,2023-05-09 01:45:36,1.33742,1.33762
2224,2023-05-09 01:45:37,1.33743,1.3376299999999999
2225,2023-05-09 01:45:42,1.33742,1.33762
2226,2023-05-09 01:45:42,1.33743,1.3376299999999999
2227,2023-05-09 01:45:43,1.33742,1.33762
2228,2023-05-09 01:45:43,1.33743,1.3376299999999999
2229,2023-05-09 01:45:46,1.33742,1.33762
2230,2023-05-09 01:45:49,1.33739,1.33759
2231,2023-05-09 01:45:50,1.33741,1.33761
2232,2023-05-09 01:45:53,1.3374,1.3376000000000001
2233,2023-05-09 01:45:53,1.33741,1.33761
2234,2023-05-09 01:45:58,1.33742,1.33762
2235,2023-05-09 01:46:00,1.33742,1.33762
2236,2023-05-09 01:46:09,1.33741,1.33761
2237,2023-05-09 01:46:12,1.33742,1.33762
2238,2023-05-09 01:46:17,1.33741,1.33761
2239,2023-05-09 01:46:18,1.3374,1.3376000000000001
2240,2023-05-09 01:46:18,1.33741,1.33761
2241,2023-05-09 01:46:20,1.3374,1.3376000000000001
2242,2023-05-09 01:46:25,1.33739,1.33759
2243,2023-05-09 01:46:26,1.3374,1.3376000000000001
2244,2023-05-09 01:46:27,1.33741,1.33761
2245,2023-05-09 01:46:29,1.33743,1.3376299999999999
2246,2023-05-09 01:46:34,1.33748,1.33768
2247,2023-05-09 01:46:37,1.33747,1.3376700000000001
2248,2023-05-09 01:46:42,1.33746,1.33766
2249,2023-05-09 01:46:43,1.33747,1.3376700000000001
2250,2023-05-09 01:46:43,1.33744,1.33764
2251,2023-05-09 01:46:43,1.33745,1.33765
2252,2023-05-09 01:46:44,1.33744,1.33764
2253,2023-05-09 01:46:45,1.33745,1.33765
2254,2023-05-09 01:46:49,1.33741,1.33761
2255,2023-05-09 01:46:58,1.33742,1.33762
2256,2023-05-09 01:46:58,1.33743,1.3376299999999999
2257,2023-05-09 01:46:59,1.33742,1.33762
2258,2023-05-09 01:47:00,1.33742,1.33762
2259,2023-05-09 01:47:01,1.33746,1.33766
2260,2023-05-09 01:47:02,1.33743,1.3376299999999999
2261,2023-05-09 01:47:09,1.33746,1.33766
2262,2023-05-09 01:47:10,1.33747,1.3376700000000001
2263,2023-05-09 01:47:10,1.33748,1.33768
2264,2023-05-09 01:47:12,1.33746,1.33766
2265,2023-05-09 01:47:13,1.33747,1.3376700000000001
2266,2023-05-09 01:47:15,1.33743,1.3376299999999999
2267,2023-05-09 01:47:15,1.33745,1.33765
2268,2023-05-09 01:47:27,1.33746,1.33766
2269,2023-05-09 01:47:30,1.33748,1.33768
2270,2023-05-09 01:47:31,1.3375,1.3377
2271,2023-05-09 01:47:37,1.33749,1.33769
2272,2023-05-09 01:47:40,1.3375,1.3377
2273,2023-05-09 01:47:47,1.33749,1.33769
2274,2023-05-09 01:47:48,1.3375,1.3377
2275,2023-05-09 01:47:50,1.33749,1.33769
2276,2023-05-09 01:47:50,1.33747,1.3376700000000001
2277,2023-05-09 01:47:50,1.33748,1.33768
2278,2023-05-09 01:47:52,1.33747,1.3376700000000001
2279,2023-05-09 01:47:52,1.33748,1.33768
2280,2023-05-09 01:47:53,1.33749,1.33769
2281,2023-05-09 01:47:58,1.3375,1.3377
2282,2023-05-09 01:48:00,1.3375,1.3377
2283,2023-05-09 01:48:00,1.33751,1.33771
2284,2023-05-09 01:48:01,1.33753,1.33773
2285,2023-05-09 01:48:12,1.33755,1.33775
2286,2023-05-09 01:48:12,1.33756,1.33776
2287,2023-05-09 01:48:13,1.33755,1.33775
2288,2023-05-09 01:48:13,1.33752,1.33772
2289,2023-05-09 01:48:20,1.33755,1.33775
2290,2023-05-09 01:48:21,1.33752,1.33772
2291,2023-05-09 01:48:24,1.33751,1.33771
2292,2023-05-09 01:48:25,1.33752,1.33772
2293,2023-05-09 01:48:30,1.33751,1.33771
2294,2023-05-09 01:48:31,1.33752,1.33772
2295,2023-05-09 01:48:35,1.33751,1.33771
2296,2023-05-09 01:48:38,1.33752,1.33772
2297,2023-05-09 01:48:43,1.33751,1.33771
2298,2023-05-09 01:48:48,1.3375,1.3377
2299,2023-05-09 01:48:51,1.33751,1.33771
2300,2023-05-09 01:48:55,1.3375,1.3377
2301,2023-05-09 01:48:56,1.33751,1.33771
2302,2023-05-09 01:49:00,1.33751,1.33771
2303,2023-05-09 01:49:10,1.3375,1.3377
2304,2023-05-09 01:49:10,1.33749,1.33769
2305,2023-05-09 01:49:10,1.3375,1.3377
2306,2023-05-09 01:49:13,1.33751,1.33771
2307,2023-05-09 01:49:15,1.3375,1.3377
2308,2023-05-09 01:49:17,1.33751,1.33771
2309,2023-05-09 01:49:18,1.33752,1.33772
2310,2023-05-09 01:49:21,1.33751,1.33771
2311,2023-05-09 01:49:22,1.33752,1.33772
2312,2023-05-09 01:49:23,1.33751,1.33771
2313,2023-05-09 01:49:23,1.33752,1.33772
2314,2023-05-09 01:49:25,1.33753,1.33773
2315,2023-05-09 01:49:26,1.33752,1.33772
2316,2023-05-09 01:49:34,1.33751,1.33771
2317,2023-05-09 01:49:36,1.33752,1.33772
2318,2023-05-09 01:49:40,1.33751,1.33771
2319,2023-05-09 01:49:41,1.3375,1.3377
2320,2023-05-09 01:49:43,1.33751,1.33771
2321,2023-05-09 01:49:44,1.3375,1.3377
2322,2023-05-09 01:49:47,1.33743,1.3376299999999999
2323,2023-05-09 01:49:54,1.33742,1.33762
2324,2023-05-09 01:49:55,1.33747,1.3376700000000001
2325,2023-05-09 01:49:57,1.33744,1.33764
2326,2023-05-09 01:49:58,1.33745,1.33765
2327,2023-05-09 01:49:58,1.33743,1.3376299999999999
2328,2023-05-09 01:49:59,1.33742,1.33762
2329,2023-05-09 01:50:00,1.33742,1.33762
2330,2023-05-09 01:50:09,1.33744,1.33764
2331,2023-05-09 01:50:09,1.33743,1.3376299999999999
2332,2023-05-09 01:50:10,1.33742,1.33762
2333,2023-05-09 01:50:14,1.33746,1.33766
2334,2023-05-09 01:50:14,1.33747,1.3376700000000001
2335,2023-05-09 01:50:15,1.33746,1.33766
2336,2023-05-09 01:50:16,1.33744,1.33764
2337,2023-05-09 01:50:17,1.33746,1.33766
2338,2023-05-09 01:50:17,1.33747,1.3376700000000001
2339,2023-05-09 01:50:18,1.33746,1.33766
2340,2023-05-09 01:50:19,1.33745,1.33765
2341,2023-05-09 01:50:19,1.33744,1.33764
2342,2023-05-09 01:50:21,1.33743,1.3376299999999999
