,time,bid,ask
0,2023-05-09 00:00:00,0.678,0.67811
1,2023-05-09 00:00:01,0.67799,0.6781
2,2023-05-09 00:00:02,0.67797,0.67808
3,2023-05-09 00:00:02,0.67796,0.67807
4,2023-05-09 00:00:04,0.67794,0.67805
5,2023-05-09 00:00:04,0.67795,0.67806
6,2023-05-09 00:00:05,0.67796,0.67807
7,2023-05-09 00:00:05,0.67795,0.67806
8,2023-05-09 00:00:06,0.67794,0.67805
9,2023-05-09 00:00:06,0.67795,0.67806
10,2023-05-09 00:00:06,0.67797,0.67808
11,2023-05-09 00:00:07,0.67796,0.67807
12,2023-05-09 00:00:08,0.67795,0.67806
13,2023-05-09 00:00:08,0.67796,0.67807
14,2023-05-09 00:00:09,0.67797,0.67808
15,2023-05-09 00:00:09,0.67798,0.67809
16,2023-05-09 00:00:09,0.678,0.67811
17,2023-05-09 00:00:10,0.67798,0.67809
18,2023-05-09 00:00:11,0.67799,0.6781
19,2023-05-09 00:00:12,0.67795,0.67806
20,2023-05-09 00:00:12,0.67796,0.67807
21,2023-05-09 00:00:12,0.67795,0.67806
22,2023-05-09 00:00:12,0.67794,0.67805
23,2023-05-09 00:00:14,0.67795,0.67806
24,2023-05-09 00:00:15,0.67794,0.67805
25,2023-05-09 00:00:16,0.67795,0.67806
26,2023-05-09 00:00:16,0.67796,0.67807
27,2023-05-09 00:00:16,0.67797,0.67808
28,2023-05-09 00:00:16,0.67798,0.67809
29,2023-05-09 00:00:17,0.67799,0.6781
30,2023-05-09 00:00:19,0.678,0.67811
31,2023-05-09 00:00:19,0.67799,0.6781
32,2023-05-09 00:00:21,0.678,0.67811
33,2023-05-09 00:00:26,0.67799,0.6781
34,2023-05-09 00:00:26,0.678,0.67811
35,2023-05-09 00:00:30,0.67802,0.67813
36,2023-05-09 00:00:30,0.67803,0.67814
37,2023-05-09 00:00:31,0.67801,0.67812
38,2023-05-09 00:00:31,0.678,0.67811
39,2023-05-09 00:00:33,0.67799,0.6781
40,2023-05-09 00:00:36,0.67798,0.67809
41,2023-05-09 00:00:36,0.678,0.67811
42,2023-05-09 00:00:39,0.67799,0.6781
43,2023-05-09 00:00:40,0.67801,0.67812
44,2023-05-09 00:00:40,0.67803,0.67814
45,2023-05-09 00:00:41,0.67805,0.67816
46,2023-05-09 00:00:41,0.67803,0.67814
47,2023-05-09 00:00:42,0.67802,0.67813
48,2023-05-09 00:00:42,0.678,0.67811
49,2023-05-09 00:00:42,0.67796,0.67807
50,2023-05-09 00:00:43,0.67795,0.67806
51,2023-05-09 00:00:43,0.67794,0.67805
52,2023-05-09 00:00:44,0.67791,0.67802
53,2023-05-09 00:00:44,0.6779,0.67801
54,2023-05-09 00:00:45,0.67791,0.67802
55,2023-05-09 00:00:46,0.67789,0.678
56,2023-05-09 00:00:46,0.6779,0.67801
57,2023-05-09 00:00:47,0.67789,0.678
58,2023-05-09 00:00:48,0.6779,0.67801
59,2023-05-09 00:00:48,0.67789,0.678
60,2023-05-09 00:00:52,0.67787,0.67798
61,2023-05-09 00:00:52,0.67788,0.67799
62,2023-05-09 00:00:53,0.67787,0.67798
63,2023-05-09 00:00:54,0.67788,0.67799
64,2023-05-09 00:00:55,0.67791,0.67802
65,2023-05-09 00:00:55,0.67789,0.678
66,2023-05-09 00:00:56,0.6779,0.67801
67,2023-05-09 00:00:57,0.67793,0.67804
68,2023-05-09 00:00:57,0.67794,0.67805
69,2023-05-09 00:01:00,0.67794,0.67805
70,2023-05-09 00:01:01,0.67793,0.67804
71,2023-05-09 00:01:01,0.6779,0.67801
72,2023-05-09 00:01:02,0.67789,0.678
73,2023-05-09 00:01:03,0.67788,0.67799
74,2023-05-09 00:01:05,0.6779,0.67801
75,2023-05-09 00:01:06,0.67789,0.678
76,2023-05-09 00:01:06,0.67788,0.67799
77,2023-05-09 00:01:07,0.67789,0.678
78,2023-05-09 00:01:10,0.67791,0.67802
79,2023-05-09 00:01:10,0.67794,0.67805
80,2023-05-09 00:01:10,0.67795,0.67806
81,2023-05-09 00:01:11,0.67793,0.67804
82,2023-05-09 00:01:14,0.67795,0.67806
83,2023-05-09 00:01:20,0.67794,0.67805
84,2023-05-09 00:01:22,0.6779,0.67801
85,2023-05-09 00:01:22,0.67791,0.67802
86,2023-05-09 00:01:24,0.67794,0.67805
87,2023-05-09 00:01:29,0.67791,0.67802
88,2023-05-09 00:01:30,0.67792,0.67803
89,2023-05-09 00:01:30,0.67794,0.67805
90,2023-05-09 00:01:32,0.67791,0.67802
91,2023-05-09 00:01:32,0.67792,0.67803
92,2023-05-09 00:01:34,0.67793,0.67804
93,2023-05-09 00:01:35,0.67792,0.67803
94,2023-05-09 00:01:36,0.67791,0.67802
95,2023-05-09 00:01:36,0.6779,0.67801
96,2023-05-09 00:01:37,0.67791,0.67802
97,2023-05-09 00:01:37,0.6779,0.67801
98,2023-05-09 00:01:39,0.67789,0.678
99,2023-05-09 00:01:39,0.6779,0.67801
100,2023-05-09 00:01:40,0.67791,0.67802
101,2023-05-09 00:01:40,0.6779,0.67801
102,2023-05-09 00:01:43,0.67791,0.67802
103,2023-05-09 00:01:45,0.67788,0.67799
104,2023-05-09 00:01:45,0.67787,0.67798
105,2023-05-09 00:01:45,0.67786,0.67797
106,2023-05-09 00:01:47,0.67785,0.67796
107,2023-05-09 00:01:48,0.67781,0.67792
108,2023-05-09 00:01:48,0.6778,0.67791
109,2023-05-09 00:01:49,0.67779,0.6779
110,2023-05-09 00:01:50,0.67781,0.67792
111,2023-05-09 00:01:51,0.67779,0.6779
112,2023-05-09 00:01:52,0.67778,0.67789
113,2023-05-09 00:01:53,0.67775,0.67786
114,2023-05-09 00:01:53,0.67774,0.67785
115,2023-05-09 00:01:53,0.67773,0.67784
116,2023-05-09 00:01:53,0.67775,0.67786
117,2023-05-09 00:01:55,0.67774,0.67785
118,2023-05-09 00:01:58,0.67773,0.67784
119,2023-05-09 00:01:58,0.67772,0.67783
120,2023-05-09 00:02:00,0.6777,0.67781
121,2023-05-09 00:02:00,0.67771,0.67782
122,2023-05-09 00:02:00,0.6777,0.67781
123,2023-05-09 00:02:02,0.67773,0.67784
124,2023-05-09 00:02:03,0.6777,0.67781
125,2023-05-09 00:02:06,0.67771,0.67782
126,2023-05-09 00:02:07,0.6777,0.67781
127,2023-05-09 00:02:09,0.67772,0.67783
128,2023-05-09 00:02:09,0.67771,0.67782
129,2023-05-09 00:02:11,0.67772,0.67783
130,2023-05-09 00:02:11,0.67774,0.67785
131,2023-05-09 00:02:14,0.67775,0.67786
132,2023-05-09 00:02:15,0.67771,0.67782
133,2023-05-09 00:02:16,0.6777,0.67781
134,2023-05-09 00:02:18,0.67772,0.67783
135,2023-05-09 00:02:25,0.67773,0.67784
136,2023-05-09 00:02:29,0.67772,0.67783
137,2023-05-09 00:02:29,0.67773,0.67784
138,2023-05-09 00:02:29,0.67774,0.67785
139,2023-05-09 00:02:31,0.67775,0.67786
140,2023-05-09 00:02:34,0.67776,0.67787
141,2023-05-09 00:02:35,0.67775,0.67786
142,2023-05-09 00:02:37,0.67774,0.67785
143,2023-05-09 00:02:39,0.6777,0.67781
144,2023-05-09 00:02:39,0.67769,0.6778
145,2023-05-09 00:02:44,0.67765,0.67776
146,2023-05-09 00:02:51,0.67766,0.67777
147,2023-05-09 00:02:53,0.67765,0.67776
148,2023-05-09 00:02:53,0.67762,0.67773
149,2023-05-09 00:02:54,0.6776,0.67771
150,2023-05-09 00:02:54,0.67757,0.67768
151,2023-05-09 00:02:54,0.67758,0.67769
152,2023-05-09 00:02:55,0.67759,0.6777
153,2023-05-09 00:02:57,0.6776,0.67771
154,2023-05-09 00:02:58,0.67761,0.67772
155,2023-05-09 00:02:59,0.6776,0.67771
156,2023-05-09 00:02:59,0.67761,0.67772
157,2023-05-09 00:03:00,0.67761,0.67772
158,2023-05-09 00:03:01,0.6776,0.67771
159,2023-05-09 00:03:03,0.67761,0.67772
160,2023-05-09 00:03:05,0.6776,0.67771
161,2023-05-09 00:03:05,0.67761,0.67772
162,2023-05-09 00:03:09,0.67765,0.67776
163,2023-05-09 00:03:13,0.67764,0.67775
164,2023-05-09 00:03:18,0.67765,0.67776
165,2023-05-09 00:03:20,0.67764,0.67775
166,2023-05-09 00:03:21,0.67761,0.67772
167,2023-05-09 00:03:22,0.6776,0.67771
168,2023-05-09 00:03:22,0.67759,0.6777
169,2023-05-09 00:03:27,0.67761,0.67772
170,2023-05-09 00:03:28,0.67759,0.6777
171,2023-05-09 00:03:29,0.67761,0.67772
172,2023-05-09 00:03:30,0.67759,0.6777
173,2023-05-09 00:03:35,0.6776,0.67771
174,2023-05-09 00:03:35,0.67764,0.67775
175,2023-05-09 00:03:35,0.67762,0.67773
176,2023-05-09 00:03:36,0.6776,0.67771
177,2023-05-09 00:03:36,0.67761,0.67772
178,2023-05-09 00:03:36,0.6776,0.67771
179,2023-05-09 00:03:37,0.67761,0.67772
180,2023-05-09 00:03:38,0.6776,0.67771
181,2023-05-09 00:03:38,0.67761,0.67772
182,2023-05-09 00:03:40,0.6776,0.67771
183,2023-05-09 00:03:42,0.67759,0.6777
184,2023-05-09 00:03:43,0.6776,0.67771
185,2023-05-09 00:03:44,0.67761,0.67772
186,2023-05-09 00:03:44,0.67763,0.67774
187,2023-05-09 00:03:44,0.67764,0.67775
188,2023-05-09 00:03:46,0.67763,0.67774
189,2023-05-09 00:03:48,0.67764,0.67775
190,2023-05-09 00:03:49,0.67762,0.67773
191,2023-05-09 00:03:50,0.67761,0.67772
192,2023-05-09 00:03:52,0.6776,0.67771
193,2023-05-09 00:03:53,0.67759,0.6777
194,2023-05-09 00:03:56,0.6776,0.67771
195,2023-05-09 00:03:56,0.67759,0.6777
196,2023-05-09 00:03:57,0.67758,0.67769
197,2023-05-09 00:03:58,0.67756,0.67767
198,2023-05-09 00:03:59,0.67752,0.67763
199,2023-05-09 00:03:59,0.67755,0.67766
200,2023-05-09 00:03:59,0.67754,0.67765
201,2023-05-09 00:04:00,0.67754,0.67765
202,2023-05-09 00:04:00,0.67755,0.67766
203,2023-05-09 00:04:01,0.67754,0.67765
204,2023-05-09 00:04:04,0.67755,0.67766
205,2023-05-09 00:04:04,0.67754,0.67765
206,2023-05-09 00:04:06,0.67755,0.67766
207,2023-05-09 00:04:12,0.67754,0.67765
208,2023-05-09 00:04:15,0.6775,0.67761
209,2023-05-09 00:04:21,0.67754,0.67765
210,2023-05-09 00:04:23,0.67752,0.67763
211,2023-05-09 00:04:24,0.67751,0.67762
212,2023-05-09 00:04:25,0.6775,0.67761
213,2023-05-09 00:04:27,0.67752,0.67763
214,2023-05-09 00:04:27,0.67751,0.67762
215,2023-05-09 00:04:27,0.67752,0.67763
216,2023-05-09 00:04:27,0.67751,0.67762
217,2023-05-09 00:04:28,0.6775,0.67761
218,2023-05-09 00:04:30,0.67751,0.67762
219,2023-05-09 00:04:30,0.67752,0.67763
220,2023-05-09 00:04:31,0.67754,0.67765
221,2023-05-09 00:04:49,0.67755,0.67766
222,2023-05-09 00:04:51,0.67754,0.67765
223,2023-05-09 00:04:53,0.67759,0.6777
224,2023-05-09 00:04:53,0.67761,0.67772
225,2023-05-09 00:04:54,0.67762,0.67773
226,2023-05-09 00:04:54,0.67763,0.67774
227,2023-05-09 00:04:54,0.67768,0.67779
228,2023-05-09 00:04:57,0.6777,0.67781
229,2023-05-09 00:04:59,0.67769,0.6778
230,2023-05-09 00:05:00,0.67769,0.6778
231,2023-05-09 00:05:01,0.67771,0.67782
232,2023-05-09 00:05:02,0.67772,0.67783
233,2023-05-09 00:05:15,0.67773,0.67784
234,2023-05-09 00:05:18,0.6778,0.67791
235,2023-05-09 00:05:19,0.67785,0.67796
236,2023-05-09 00:05:20,0.67788,0.67799
237,2023-05-09 00:05:26,0.67793,0.67804
238,2023-05-09 00:05:27,0.67796,0.67807
239,2023-05-09 00:05:27,0.67795,0.67806
240,2023-05-09 00:05:28,0.67794,0.67805
241,2023-05-09 00:05:30,0.67795,0.67806
242,2023-05-09 00:05:30,0.67796,0.67807
243,2023-05-09 00:05:30,0.67798,0.67809
244,2023-05-09 00:05:38,0.678,0.67811
245,2023-05-09 00:05:42,0.67799,0.6781
246,2023-05-09 00:05:44,0.67796,0.67807
247,2023-05-09 00:05:45,0.67797,0.67808
248,2023-05-09 00:05:45,0.67799,0.6781
249,2023-05-09 00:05:47,0.67798,0.67809
250,2023-05-09 00:05:47,0.67797,0.67808
251,2023-05-09 00:05:47,0.67793,0.67804
252,2023-05-09 00:05:51,0.67795,0.67806
253,2023-05-09 00:05:52,0.67796,0.67807
254,2023-05-09 00:05:52,0.67795,0.67806
255,2023-05-09 00:05:53,0.67794,0.67805
256,2023-05-09 00:05:53,0.67795,0.67806
257,2023-05-09 00:05:54,0.67797,0.67808
258,2023-05-09 00:05:54,0.67796,0.67807
259,2023-05-09 00:05:56,0.67797,0.67808
260,2023-05-09 00:06:00,0.67798,0.67809
261,2023-05-09 00:06:00,0.67799,0.6781
262,2023-05-09 00:06:01,0.678,0.67811
263,2023-05-09 00:06:01,0.67799,0.6781
264,2023-05-09 00:06:06,0.67797,0.67808
265,2023-05-09 00:06:09,0.67796,0.67807
266,2023-05-09 00:06:11,0.67797,0.67808
267,2023-05-09 00:06:12,0.67796,0.67807
268,2023-05-09 00:06:12,0.67797,0.67808
269,2023-05-09 00:06:13,0.67798,0.67809
270,2023-05-09 00:06:14,0.67797,0.67808
271,2023-05-09 00:06:21,0.67796,0.67807
272,2023-05-09 00:06:22,0.67793,0.67804
273,2023-05-09 00:06:22,0.67792,0.67803
274,2023-05-09 00:06:25,0.67793,0.67804
275,2023-05-09 00:06:29,0.67794,0.67805
276,2023-05-09 00:06:29,0.67795,0.67806
277,2023-05-09 00:06:30,0.67794,0.67805
278,2023-05-09 00:06:30,0.67793,0.67804
279,2023-05-09 00:06:32,0.67792,0.67803
280,2023-05-09 00:06:32,0.67791,0.67802
281,2023-05-09 00:06:33,0.67792,0.67803
282,2023-05-09 00:06:36,0.67793,0.67804
283,2023-05-09 00:06:38,0.67792,0.67803
284,2023-05-09 00:06:40,0.6779,0.67801
285,2023-05-09 00:06:40,0.67792,0.67803
286,2023-05-09 00:06:40,0.67791,0.67802
287,2023-05-09 00:06:41,0.6779,0.67801
288,2023-05-09 00:06:42,0.67788,0.67799
289,2023-05-09 00:06:46,0.67787,0.67798
290,2023-05-09 00:06:50,0.67788,0.67799
291,2023-05-09 00:06:50,0.67787,0.67798
292,2023-05-09 00:06:51,0.67792,0.67803
293,2023-05-09 00:06:56,0.67793,0.67804
294,2023-05-09 00:06:56,0.67795,0.67806
295,2023-05-09 00:06:57,0.67793,0.67804
296,2023-05-09 00:06:58,0.67794,0.67805
297,2023-05-09 00:06:59,0.67795,0.67806
298,2023-05-09 00:06:59,0.67793,0.67804
299,2023-05-09 00:07:00,0.67793,0.67804
300,2023-05-09 00:07:04,0.67795,0.67806
301,2023-05-09 00:07:07,0.67794,0.67805
302,2023-05-09 00:07:12,0.67793,0.67804
303,2023-05-09 00:07:13,0.67792,0.67803
304,2023-05-09 00:07:15,0.67793,0.67804
305,2023-05-09 00:07:16,0.67794,0.67805
306,2023-05-09 00:07:18,0.67793,0.67804
307,2023-05-09 00:07:20,0.67792,0.67803
308,2023-05-09 00:07:22,0.67793,0.67804
309,2023-05-09 00:07:24,0.67794,0.67805
310,2023-05-09 00:07:24,0.67795,0.67806
311,2023-05-09 00:07:26,0.67796,0.67807
312,2023-05-09 00:07:26,0.67797,0.67808
313,2023-05-09 00:07:28,0.67796,0.67807
314,2023-05-09 00:07:32,0.67798,0.67809
315,2023-05-09 00:07:36,0.67801,0.67812
316,2023-05-09 00:07:36,0.67803,0.67814
317,2023-05-09 00:07:38,0.67802,0.67813
318,2023-05-09 00:07:40,0.67803,0.67814
319,2023-05-09 00:07:45,0.67802,0.67813
320,2023-05-09 00:07:45,0.67803,0.67814
321,2023-05-09 00:07:45,0.67802,0.67813
322,2023-05-09 00:07:46,0.67803,0.67814
323,2023-05-09 00:07:47,0.67804,0.67815
324,2023-05-09 00:07:47,0.67805,0.67816
325,2023-05-09 00:07:48,0.67804,0.67815
326,2023-05-09 00:07:52,0.67805,0.67816
327,2023-05-09 00:07:52,0.67804,0.67815
328,2023-05-09 00:07:53,0.67805,0.67816
329,2023-05-09 00:07:54,0.67807,0.67818
330,2023-05-09 00:07:56,0.67806,0.67817
331,2023-05-09 00:07:56,0.67805,0.67816
332,2023-05-09 00:07:57,0.67804,0.67815
333,2023-05-09 00:08:00,0.67804,0.67815
334,2023-05-09 00:08:01,0.67803,0.67814
335,2023-05-09 00:08:01,0.67804,0.67815
336,2023-05-09 00:08:01,0.67807,0.67818
337,2023-05-09 00:08:03,0.67806,0.67817
338,2023-05-09 00:08:03,0.67805,0.67816
339,2023-05-09 00:08:04,0.67804,0.67815
340,2023-05-09 00:08:04,0.67803,0.67814
341,2023-05-09 00:08:13,0.67802,0.67813
342,2023-05-09 00:08:13,0.67799,0.6781
343,2023-05-09 00:08:14,0.67798,0.67809
344,2023-05-09 00:08:17,0.678,0.67811
345,2023-05-09 00:08:17,0.67801,0.67812
346,2023-05-09 00:08:17,0.67802,0.67813
347,2023-05-09 00:08:19,0.67801,0.67812
348,2023-05-09 00:08:21,0.67803,0.67814
349,2023-05-09 00:08:22,0.67804,0.67815
350,2023-05-09 00:08:23,0.67803,0.67814
351,2023-05-09 00:08:29,0.67804,0.67815
352,2023-05-09 00:08:30,0.67803,0.67814
353,2023-05-09 00:08:30,0.67804,0.67815
354,2023-05-09 00:08:30,0.67803,0.67814
355,2023-05-09 00:08:32,0.67799,0.6781
356,2023-05-09 00:08:32,0.67798,0.67809
357,2023-05-09 00:08:34,0.678,0.67811
358,2023-05-09 00:08:34,0.67801,0.67812
359,2023-05-09 00:08:37,0.67799,0.6781
360,2023-05-09 00:08:41,0.678,0.67811
361,2023-05-09 00:08:42,0.67799,0.6781
362,2023-05-09 00:08:44,0.67801,0.67812
363,2023-05-09 00:08:46,0.678,0.67811
364,2023-05-09 00:08:47,0.67799,0.6781
365,2023-05-09 00:08:59,0.67797,0.67808
366,2023-05-09 00:08:59,0.67795,0.67806
367,2023-05-09 00:09:00,0.67794,0.67805
368,2023-05-09 00:09:00,0.67793,0.67804
369,2023-05-09 00:09:02,0.67792,0.67803
370,2023-05-09 00:09:03,0.6779,0.67801
371,2023-05-09 00:09:03,0.67791,0.67802
372,2023-05-09 00:09:05,0.67792,0.67803
373,2023-05-09 00:09:10,0.67791,0.67802
374,2023-05-09 00:09:11,0.67792,0.67803
375,2023-05-09 00:09:12,0.67791,0.67802
376,2023-05-09 00:09:15,0.67792,0.67803
377,2023-05-09 00:09:16,0.67794,0.67805
378,2023-05-09 00:09:16,0.67795,0.67806
379,2023-05-09 00:09:22,0.67796,0.67807
380,2023-05-09 00:09:33,0.67797,0.67808
381,2023-05-09 00:09:33,0.67796,0.67807
382,2023-05-09 00:09:38,0.67792,0.67803
383,2023-05-09 00:09:39,0.67789,0.678
384,2023-05-09 00:09:40,0.67788,0.67799
385,2023-05-09 00:09:41,0.67787,0.67798
386,2023-05-09 00:09:42,0.67788,0.67799
387,2023-05-09 00:09:44,0.67789,0.678
388,2023-05-09 00:09:45,0.6779,0.67801
389,2023-05-09 00:09:45,0.67791,0.67802
390,2023-05-09 00:09:46,0.6779,0.67801
391,2023-05-09 00:09:50,0.67789,0.678
392,2023-05-09 00:09:52,0.67788,0.67799
393,2023-05-09 00:09:55,0.67787,0.67798
394,2023-05-09 00:09:55,0.67786,0.67797
395,2023-05-09 00:09:57,0.67788,0.67799
396,2023-05-09 00:09:58,0.67787,0.67798
397,2023-05-09 00:09:58,0.67788,0.67799
398,2023-05-09 00:09:59,0.67789,0.678
399,2023-05-09 00:10:00,0.67789,0.678
400,2023-05-09 00:10:00,0.6779,0.67801
401,2023-05-09 00:10:00,0.67792,0.67803
402,2023-05-09 00:10:01,0.67793,0.67804
403,2023-05-09 00:10:02,0.67792,0.67803
404,2023-05-09 00:10:02,0.67793,0.67804
405,2023-05-09 00:10:02,0.67791,0.67802
406,2023-05-09 00:10:03,0.67792,0.67803
407,2023-05-09 00:10:03,0.67791,0.67802
408,2023-05-09 00:10:07,0.6779,0.67801
409,2023-05-09 00:10:14,0.67793,0.67804
410,2023-05-09 00:10:15,0.67792,0.67803
411,2023-05-09 00:10:16,0.67791,0.67802
412,2023-05-09 00:10:21,0.67788,0.67799
413,2023-05-09 00:10:22,0.67787,0.67798
414,2023-05-09 00:10:26,0.67786,0.67797
415,2023-05-09 00:10:26,0.67783,0.67794
416,2023-05-09 00:10:29,0.67784,0.67795
417,2023-05-09 00:10:29,0.67783,0.67794
418,2023-05-09 00:10:32,0.67786,0.67797
419,2023-05-09 00:10:40,0.67787,0.67798
420,2023-05-09 00:10:40,0.67786,0.67797
421,2023-05-09 00:10:41,0.67787,0.67798
422,2023-05-09 00:10:41,0.67788,0.67799
423,2023-05-09 00:10:42,0.67789,0.678
424,2023-05-09 00:10:49,0.67792,0.67803
425,2023-05-09 00:10:49,0.67791,0.67802
426,2023-05-09 00:10:53,0.67792,0.67803
427,2023-05-09 00:10:57,0.67793,0.67804
428,2023-05-09 00:10:58,0.67792,0.67803
429,2023-05-09 00:11:00,0.67791,0.67802
430,2023-05-09 00:11:03,0.67792,0.67803
431,2023-05-09 00:11:03,0.67793,0.67804
432,2023-05-09 00:11:05,0.67795,0.67806
433,2023-05-09 00:11:05,0.67796,0.67807
434,2023-05-09 00:11:10,0.67797,0.67808
435,2023-05-09 00:11:11,0.67801,0.67812
436,2023-05-09 00:11:16,0.67802,0.67813
437,2023-05-09 00:11:16,0.67801,0.67812
438,2023-05-09 00:11:37,0.67798,0.67809
439,2023-05-09 00:11:37,0.678,0.67811
440,2023-05-09 00:11:40,0.67802,0.67813
441,2023-05-09 00:11:44,0.678,0.67811
442,2023-05-09 00:11:45,0.67798,0.67809
443,2023-05-09 00:11:45,0.67799,0.6781
444,2023-05-09 00:11:46,0.67801,0.67812
445,2023-05-09 00:11:59,0.67802,0.67813
446,2023-05-09 00:11:59,0.67803,0.67814
447,2023-05-09 00:12:00,0.67803,0.67814
448,2023-05-09 00:12:00,0.67802,0.67813
449,2023-05-09 00:12:00,0.67801,0.67812
450,2023-05-09 00:12:01,0.67798,0.67809
451,2023-05-09 00:12:01,0.67799,0.6781
452,2023-05-09 00:12:02,0.67798,0.67809
453,2023-05-09 00:12:03,0.67799,0.6781
454,2023-05-09 00:12:07,0.67798,0.67809
455,2023-05-09 00:12:07,0.67799,0.6781
456,2023-05-09 00:12:08,0.678,0.67811
457,2023-05-09 00:12:40,0.67799,0.6781
458,2023-05-09 00:12:40,0.678,0.67811
459,2023-05-09 00:12:48,0.67796,0.67807
460,2023-05-09 00:12:55,0.67792,0.67803
461,2023-05-09 00:12:58,0.67791,0.67802
462,2023-05-09 00:12:59,0.67792,0.67803
463,2023-05-09 00:13:00,0.67792,0.67803
464,2023-05-09 00:13:00,0.67794,0.67805
465,2023-05-09 00:13:03,0.67795,0.67806
466,2023-05-09 00:13:04,0.67794,0.67805
467,2023-05-09 00:13:05,0.67792,0.67803
468,2023-05-09 00:13:08,0.6779,0.67801
469,2023-05-09 00:13:08,0.67791,0.67802
470,2023-05-09 00:13:09,0.6779,0.67801
471,2023-05-09 00:13:10,0.67791,0.67802
472,2023-05-09 00:13:11,0.67792,0.67803
473,2023-05-09 00:13:13,0.6779,0.67801
474,2023-05-09 00:13:16,0.67791,0.67802
475,2023-05-09 00:13:16,0.6779,0.67801
476,2023-05-09 00:13:18,0.67791,0.67802
477,2023-05-09 00:13:20,0.6779,0.67801
478,2023-05-09 00:13:25,0.67789,0.678
479,2023-05-09 00:13:26,0.6779,0.67801
480,2023-05-09 00:13:44,0.67785,0.67796
481,2023-05-09 00:13:48,0.67786,0.67797
482,2023-05-09 00:13:49,0.67781,0.67792
483,2023-05-09 00:13:49,0.67776,0.67787
484,2023-05-09 00:13:50,0.67779,0.6779
485,2023-05-09 00:13:52,0.67777,0.67788
486,2023-05-09 00:13:54,0.67776,0.67787
487,2023-05-09 00:13:56,0.67777,0.67788
488,2023-05-09 00:14:00,0.67776,0.67787
489,2023-05-09 00:14:01,0.67775,0.67786
490,2023-05-09 00:14:06,0.67774,0.67785
491,2023-05-09 00:14:07,0.67775,0.67786
492,2023-05-09 00:14:08,0.67774,0.67785
493,2023-05-09 00:14:10,0.67776,0.67787
494,2023-05-09 00:14:12,0.67777,0.67788
495,2023-05-09 00:14:12,0.67778,0.67789
496,2023-05-09 00:14:13,0.67779,0.6779
497,2023-05-09 00:14:16,0.67781,0.67792
498,2023-05-09 00:14:16,0.6778,0.67791
499,2023-05-09 00:14:18,0.67782,0.67793
500,2023-05-09 00:14:18,0.67783,0.67794
501,2023-05-09 00:14:19,0.67785,0.67796
502,2023-05-09 00:14:23,0.67786,0.67797
503,2023-05-09 00:14:25,0.67788,0.67799
504,2023-05-09 00:14:25,0.67787,0.67798
505,2023-05-09 00:14:29,0.67788,0.67799
506,2023-05-09 00:14:29,0.6779,0.67801
507,2023-05-09 00:14:35,0.67785,0.67796
508,2023-05-09 00:14:37,0.67784,0.67795
509,2023-05-09 00:14:38,0.67785,0.67796
510,2023-05-09 00:14:38,0.67784,0.67795
511,2023-05-09 00:14:39,0.67785,0.67796
512,2023-05-09 00:14:41,0.67782,0.67793
513,2023-05-09 00:14:42,0.67781,0.67792
514,2023-05-09 00:14:45,0.6778,0.67791
515,2023-05-09 00:14:49,0.67781,0.67792
516,2023-05-09 00:14:52,0.67782,0.67793
517,2023-05-09 00:14:54,0.67784,0.67795
518,2023-05-09 00:14:54,0.67783,0.67794
519,2023-05-09 00:14:55,0.67782,0.67793
520,2023-05-09 00:14:56,0.67783,0.67794
521,2023-05-09 00:14:57,0.67787,0.67798
522,2023-05-09 00:14:57,0.67788,0.67799
523,2023-05-09 00:14:58,0.67787,0.67798
524,2023-05-09 00:14:58,0.67788,0.67799
525,2023-05-09 00:15:00,0.67788,0.67799
526,2023-05-09 00:15:00,0.67787,0.67798
527,2023-05-09 00:15:01,0.67788,0.67799
528,2023-05-09 00:15:01,0.6779,0.67801
529,2023-05-09 00:15:02,0.67791,0.67802
530,2023-05-09 00:15:03,0.67793,0.67804
531,2023-05-09 00:15:03,0.67794,0.67805
532,2023-05-09 00:15:03,0.67796,0.67807
533,2023-05-09 00:15:04,0.67797,0.67808
534,2023-05-09 00:15:04,0.67798,0.67809
535,2023-05-09 00:15:07,0.67796,0.67807
536,2023-05-09 00:15:08,0.67797,0.67808
537,2023-05-09 00:15:09,0.67796,0.67807
538,2023-05-09 00:15:10,0.67795,0.67806
539,2023-05-09 00:15:19,0.67796,0.67807
540,2023-05-09 00:15:20,0.67792,0.67803
541,2023-05-09 00:15:21,0.67791,0.67802
542,2023-05-09 00:15:25,0.6779,0.67801
543,2023-05-09 00:15:28,0.67792,0.67803
544,2023-05-09 00:15:29,0.67794,0.67805
545,2023-05-09 00:15:29,0.67793,0.67804
546,2023-05-09 00:15:32,0.67794,0.67805
547,2023-05-09 00:15:32,0.67793,0.67804
548,2023-05-09 00:15:33,0.67791,0.67802
549,2023-05-09 00:15:35,0.67792,0.67803
550,2023-05-09 00:15:36,0.67791,0.67802
551,2023-05-09 00:15:39,0.67793,0.67804
552,2023-05-09 00:15:42,0.67791,0.67802
553,2023-05-09 00:15:49,0.67793,0.67804
554,2023-05-09 00:15:50,0.67794,0.67805
555,2023-05-09 00:15:51,0.67793,0.67804
556,2023-05-09 00:15:53,0.67791,0.67802
557,2023-05-09 00:15:55,0.67792,0.67803
558,2023-05-09 00:15:56,0.67791,0.67802
559,2023-05-09 00:15:57,0.67793,0.67804
560,2023-05-09 00:16:00,0.67793,0.67804
561,2023-05-09 00:16:00,0.67796,0.67807
562,2023-05-09 00:16:03,0.67795,0.67806
563,2023-05-09 00:16:05,0.67794,0.67805
564,2023-05-09 00:16:07,0.67796,0.67807
565,2023-05-09 00:16:16,0.67797,0.67808
566,2023-05-09 00:16:21,0.67799,0.6781
567,2023-05-09 00:16:21,0.678,0.67811
568,2023-05-09 00:16:21,0.67799,0.6781
569,2023-05-09 00:16:22,0.67798,0.67809
570,2023-05-09 00:16:25,0.67796,0.67807
571,2023-05-09 00:16:28,0.67797,0.67808
572,2023-05-09 00:16:28,0.67796,0.67807
573,2023-05-09 00:16:29,0.67797,0.67808
574,2023-05-09 00:16:33,0.67796,0.67807
575,2023-05-09 00:16:34,0.67793,0.67804
576,2023-05-09 00:16:34,0.67791,0.67802
577,2023-05-09 00:16:49,0.67793,0.67804
578,2023-05-09 00:16:50,0.67791,0.67802
579,2023-05-09 00:16:55,0.67793,0.67804
580,2023-05-09 00:16:56,0.67792,0.67803
581,2023-05-09 00:16:56,0.67791,0.67802
582,2023-05-09 00:16:57,0.67793,0.67804
583,2023-05-09 00:16:57,0.67794,0.67805
584,2023-05-09 00:16:58,0.67793,0.67804
585,2023-05-09 00:17:00,0.67793,0.67804
586,2023-05-09 00:17:00,0.67792,0.67803
587,2023-05-09 00:17:00,0.67794,0.67805
588,2023-05-09 00:17:01,0.67795,0.67806
589,2023-05-09 00:17:02,0.67794,0.67805
590,2023-05-09 00:17:02,0.67795,0.67806
591,2023-05-09 00:17:03,0.67793,0.67804
592,2023-05-09 00:17:07,0.67792,0.67803
593,2023-05-09 00:17:08,0.67793,0.67804
594,2023-05-09 00:17:11,0.67795,0.67806
595,2023-05-09 00:17:12,0.67798,0.67809
596,2023-05-09 00:17:12,0.67799,0.6781
597,2023-05-09 00:17:15,0.67798,0.67809
598,2023-05-09 00:17:16,0.678,0.67811
599,2023-05-09 00:17:17,0.67799,0.6781
600,2023-05-09 00:17:17,0.67798,0.67809
601,2023-05-09 00:17:18,0.67799,0.6781
602,2023-05-09 00:17:19,0.678,0.67811
603,2023-05-09 00:17:26,0.67801,0.67812
604,2023-05-09 00:17:27,0.678,0.67811
605,2023-05-09 00:17:27,0.67799,0.6781
606,2023-05-09 00:17:28,0.678,0.67811
607,2023-05-09 00:17:32,0.67801,0.67812
608,2023-05-09 00:17:33,0.678,0.67811
609,2023-05-09 00:17:38,0.67801,0.67812
610,2023-05-09 00:17:39,0.678,0.67811
611,2023-05-09 00:17:43,0.67798,0.67809
612,2023-05-09 00:17:43,0.67799,0.6781
613,2023-05-09 00:17:46,0.678,0.67811
614,2023-05-09 00:17:47,0.67801,0.67812
615,2023-05-09 00:17:47,0.678,0.67811
616,2023-05-09 00:17:56,0.67796,0.67807
617,2023-05-09 00:17:56,0.67797,0.67808
618,2023-05-09 00:18:00,0.67797,0.67808
619,2023-05-09 00:18:00,0.67796,0.67807
620,2023-05-09 00:18:01,0.67795,0.67806
621,2023-05-09 00:18:03,0.67798,0.67809
622,2023-05-09 00:18:04,0.67797,0.67808
623,2023-05-09 00:18:04,0.67798,0.67809
624,2023-05-09 00:18:05,0.67797,0.67808
625,2023-05-09 00:18:15,0.67798,0.67809
626,2023-05-09 00:18:17,0.67797,0.67808
627,2023-05-09 00:18:28,0.678,0.67811
628,2023-05-09 00:18:35,0.67801,0.67812
629,2023-05-09 00:18:38,0.678,0.67811
630,2023-05-09 00:18:46,0.67796,0.67807
631,2023-05-09 00:18:51,0.67798,0.67809
632,2023-05-09 00:18:51,0.678,0.67811
633,2023-05-09 00:18:57,0.67796,0.67807
634,2023-05-09 00:19:00,0.67796,0.67807
635,2023-05-09 00:19:01,0.67795,0.67806
636,2023-05-09 00:19:03,0.67796,0.67807
637,2023-05-09 00:19:10,0.67798,0.67809
638,2023-05-09 00:19:19,0.67796,0.67807
639,2023-05-09 00:19:20,0.67795,0.67806
640,2023-05-09 00:19:22,0.67796,0.67807
641,2023-05-09 00:19:23,0.67798,0.67809
642,2023-05-09 00:19:30,0.67799,0.6781
643,2023-05-09 00:19:31,0.67798,0.67809
644,2023-05-09 00:19:31,0.67796,0.67807
645,2023-05-09 00:19:35,0.67795,0.67806
646,2023-05-09 00:19:40,0.678,0.67811
647,2023-05-09 00:19:49,0.67802,0.67813
648,2023-05-09 00:19:50,0.67803,0.67814
649,2023-05-09 00:19:50,0.67802,0.67813
650,2023-05-09 00:19:52,0.67801,0.67812
651,2023-05-09 00:19:58,0.67807,0.67818
652,2023-05-09 00:19:59,0.67806,0.67817
653,2023-05-09 00:20:00,0.67807,0.67818
654,2023-05-09 00:20:01,0.67806,0.67817
655,2023-05-09 00:20:06,0.67807,0.67818
656,2023-05-09 00:20:07,0.67809,0.6782
657,2023-05-09 00:20:16,0.67807,0.67818
658,2023-05-09 00:20:20,0.67808,0.67819
659,2023-05-09 00:20:21,0.67806,0.67817
660,2023-05-09 00:20:21,0.67803,0.67814
661,2023-05-09 00:20:21,0.67806,0.67817
662,2023-05-09 00:20:25,0.67804,0.67815
663,2023-05-09 00:20:30,0.67803,0.67814
664,2023-05-09 00:20:37,0.67805,0.67816
665,2023-05-09 00:20:43,0.67804,0.67815
666,2023-05-09 00:20:48,0.67805,0.67816
667,2023-05-09 00:20:51,0.67804,0.67815
668,2023-05-09 00:20:54,0.67805,0.67816
669,2023-05-09 00:20:55,0.67804,0.67815
670,2023-05-09 00:21:00,0.67804,0.67815
671,2023-05-09 00:21:00,0.67807,0.67818
672,2023-05-09 00:21:00,0.67808,0.67819
673,2023-05-09 00:21:01,0.67809,0.6782
674,2023-05-09 00:21:06,0.6781,0.67821
675,2023-05-09 00:21:09,0.67811,0.67822
676,2023-05-09 00:21:11,0.6781,0.67821
677,2023-05-09 00:21:16,0.67805,0.67816
678,2023-05-09 00:21:22,0.67807,0.67818
679,2023-05-09 00:21:23,0.67808,0.67819
680,2023-05-09 00:21:24,0.67805,0.67816
681,2023-05-09 00:21:36,0.67803,0.67814
682,2023-05-09 00:21:40,0.67802,0.67813
683,2023-05-09 00:21:44,0.678,0.67811
684,2023-05-09 00:21:49,0.67801,0.67812
685,2023-05-09 00:21:51,0.67802,0.67813
686,2023-05-09 00:21:55,0.67801,0.67812
687,2023-05-09 00:21:56,0.67802,0.67813
688,2023-05-09 00:21:57,0.67801,0.67812
689,2023-05-09 00:22:00,0.678,0.67811
690,2023-05-09 00:22:02,0.67799,0.6781
691,2023-05-09 00:22:02,0.67798,0.67809
692,2023-05-09 00:22:02,0.67799,0.6781
693,2023-05-09 00:22:03,0.67797,0.67808
694,2023-05-09 00:22:07,0.67796,0.67807
695,2023-05-09 00:22:07,0.67797,0.67808
696,2023-05-09 00:22:11,0.67796,0.67807
697,2023-05-09 00:22:12,0.67795,0.67806
698,2023-05-09 00:22:16,0.67794,0.67805
699,2023-05-09 00:22:20,0.67795,0.67806
700,2023-05-09 00:22:20,0.67797,0.67808
701,2023-05-09 00:22:21,0.67796,0.67807
702,2023-05-09 00:22:26,0.67798,0.67809
703,2023-05-09 00:22:28,0.67799,0.6781
704,2023-05-09 00:22:31,0.67795,0.67806
705,2023-05-09 00:22:31,0.67793,0.67804
706,2023-05-09 00:22:37,0.67792,0.67803
707,2023-05-09 00:22:37,0.6779,0.67801
708,2023-05-09 00:22:41,0.67792,0.67803
709,2023-05-09 00:22:41,0.6779,0.67801
710,2023-05-09 00:22:41,0.67791,0.67802
711,2023-05-09 00:22:45,0.67792,0.67803
712,2023-05-09 00:22:46,0.67793,0.67804
713,2023-05-09 00:22:47,0.6779,0.67801
714,2023-05-09 00:22:47,0.67786,0.67797
715,2023-05-09 00:22:49,0.67787,0.67798
716,2023-05-09 00:22:50,0.67786,0.67797
717,2023-05-09 00:22:51,0.67785,0.67796
718,2023-05-09 00:22:56,0.67786,0.67797
719,2023-05-09 00:22:56,0.67787,0.67798
720,2023-05-09 00:22:57,0.67785,0.67796
721,2023-05-09 00:22:57,0.67786,0.67797
722,2023-05-09 00:22:58,0.67785,0.67796
723,2023-05-09 00:22:58,0.67786,0.67797
724,2023-05-09 00:22:59,0.67787,0.67798
725,2023-05-09 00:23:00,0.67787,0.67798
726,2023-05-09 00:23:00,0.67785,0.67796
727,2023-05-09 00:23:10,0.67786,0.67797
728,2023-05-09 00:23:11,0.67788,0.67799
729,2023-05-09 00:23:11,0.67789,0.678
730,2023-05-09 00:23:13,0.6779,0.67801
731,2023-05-09 00:23:13,0.67791,0.67802
732,2023-05-09 00:23:13,0.6779,0.67801
733,2023-05-09 00:23:13,0.67789,0.678
734,2023-05-09 00:23:14,0.6779,0.67801
735,2023-05-09 00:23:21,0.67789,0.678
736,2023-05-09 00:23:29,0.67786,0.67797
737,2023-05-09 00:23:30,0.67785,0.67796
738,2023-05-09 00:23:33,0.67787,0.67798
739,2023-05-09 00:23:33,0.67788,0.67799
740,2023-05-09 00:23:34,0.67787,0.67798
741,2023-05-09 00:23:37,0.67788,0.67799
742,2023-05-09 00:23:37,0.67787,0.67798
743,2023-05-09 00:23:38,0.67788,0.67799
744,2023-05-09 00:23:39,0.67787,0.67798
745,2023-05-09 00:23:41,0.67788,0.67799
746,2023-05-09 00:23:43,0.67787,0.67798
747,2023-05-09 00:23:44,0.67788,0.67799
748,2023-05-09 00:23:50,0.67789,0.678
749,2023-05-09 00:23:53,0.6779,0.67801
750,2023-05-09 00:23:55,0.67792,0.67803
751,2023-05-09 00:23:56,0.67791,0.67802
752,2023-05-09 00:23:57,0.6779,0.67801
753,2023-05-09 00:24:00,0.6779,0.67801
754,2023-05-09 00:24:02,0.67789,0.678
755,2023-05-09 00:24:03,0.6779,0.67801
756,2023-05-09 00:24:06,0.67785,0.67796
757,2023-05-09 00:24:08,0.67784,0.67795
758,2023-05-09 00:24:17,0.67787,0.67798
759,2023-05-09 00:24:18,0.67785,0.67796
760,2023-05-09 00:24:23,0.67784,0.67795
761,2023-05-09 00:24:31,0.67787,0.67798
762,2023-05-09 00:24:31,0.67789,0.678
763,2023-05-09 00:24:32,0.67788,0.67799
764,2023-05-09 00:24:32,0.67786,0.67797
765,2023-05-09 00:24:34,0.67785,0.67796
766,2023-05-09 00:24:35,0.67784,0.67795
767,2023-05-09 00:24:38,0.67785,0.67796
768,2023-05-09 00:24:50,0.67786,0.67797
769,2023-05-09 00:24:59,0.67788,0.67799
770,2023-05-09 00:25:00,0.67788,0.67799
771,2023-05-09 00:25:00,0.67787,0.67798
772,2023-05-09 00:25:01,0.67785,0.67796
773,2023-05-09 00:25:06,0.67783,0.67794
774,2023-05-09 00:25:07,0.67784,0.67795
775,2023-05-09 00:25:09,0.67782,0.67793
776,2023-05-09 00:25:10,0.67781,0.67792
777,2023-05-09 00:25:12,0.67782,0.67793
778,2023-05-09 00:25:14,0.67781,0.67792
779,2023-05-09 00:25:16,0.67779,0.6779
780,2023-05-09 00:25:23,0.67781,0.67792
781,2023-05-09 00:25:26,0.6778,0.67791
782,2023-05-09 00:25:27,0.67779,0.6779
783,2023-05-09 00:25:44,0.67778,0.67789
784,2023-05-09 00:25:45,0.67779,0.6779
785,2023-05-09 00:25:48,0.67782,0.67793
786,2023-05-09 00:25:48,0.67783,0.67794
787,2023-05-09 00:25:48,0.67782,0.67793
788,2023-05-09 00:25:49,0.67783,0.67794
789,2023-05-09 00:25:50,0.67782,0.67793
790,2023-05-09 00:25:51,0.67783,0.67794
791,2023-05-09 00:25:53,0.67786,0.67797
792,2023-05-09 00:25:53,0.67787,0.67798
793,2023-05-09 00:25:56,0.67784,0.67795
794,2023-05-09 00:26:00,0.67784,0.67795
795,2023-05-09 00:26:00,0.67785,0.67796
796,2023-05-09 00:26:08,0.67786,0.67797
797,2023-05-09 00:26:09,0.67787,0.67798
798,2023-05-09 00:26:09,0.67786,0.67797
799,2023-05-09 00:26:10,0.67785,0.67796
800,2023-05-09 00:26:13,0.67787,0.67798
801,2023-05-09 00:26:14,0.67788,0.67799
802,2023-05-09 00:26:14,0.67787,0.67798
803,2023-05-09 00:26:14,0.67785,0.67796
804,2023-05-09 00:26:15,0.67786,0.67797
805,2023-05-09 00:26:15,0.67785,0.67796
806,2023-05-09 00:26:30,0.67784,0.67795
807,2023-05-09 00:26:30,0.67781,0.67792
808,2023-05-09 00:26:37,0.67782,0.67793
809,2023-05-09 00:26:37,0.67783,0.67794
810,2023-05-09 00:26:38,0.67782,0.67793
811,2023-05-09 00:26:38,0.67781,0.67792
812,2023-05-09 00:26:39,0.6778,0.67791
813,2023-05-09 00:26:40,0.67779,0.6779
814,2023-05-09 00:26:41,0.6778,0.67791
815,2023-05-09 00:26:47,0.67783,0.67794
816,2023-05-09 00:26:47,0.6778,0.67791
817,2023-05-09 00:26:56,0.67783,0.67794
818,2023-05-09 00:26:56,0.67781,0.67792
819,2023-05-09 00:26:57,0.6778,0.67791
820,2023-05-09 00:27:00,0.6778,0.67791
821,2023-05-09 00:27:03,0.67782,0.67793
822,2023-05-09 00:27:04,0.6778,0.67791
823,2023-05-09 00:27:08,0.67782,0.67793
824,2023-05-09 00:27:09,0.67781,0.67792
825,2023-05-09 00:27:09,0.6778,0.67791
826,2023-05-09 00:27:11,0.67779,0.6779
827,2023-05-09 00:27:15,0.6778,0.67791
828,2023-05-09 00:27:21,0.67779,0.6779
829,2023-05-09 00:27:25,0.6778,0.67791
830,2023-05-09 00:27:29,0.67781,0.67792
831,2023-05-09 00:27:29,0.6778,0.67791
832,2023-05-09 00:27:29,0.67781,0.67792
833,2023-05-09 00:27:31,0.67782,0.67793
834,2023-05-09 00:27:31,0.67783,0.67794
835,2023-05-09 00:27:32,0.67782,0.67793
836,2023-05-09 00:27:39,0.67783,0.67794
837,2023-05-09 00:27:41,0.67784,0.67795
838,2023-05-09 00:27:42,0.67783,0.67794
839,2023-05-09 00:27:42,0.67784,0.67795
840,2023-05-09 00:27:42,0.67783,0.67794
841,2023-05-09 00:27:44,0.67784,0.67795
842,2023-05-09 00:27:57,0.67785,0.67796
843,2023-05-09 00:28:00,0.67785,0.67796
844,2023-05-09 00:28:20,0.67784,0.67795
845,2023-05-09 00:28:43,0.67785,0.67796
846,2023-05-09 00:28:44,0.67786,0.67797
847,2023-05-09 00:28:46,0.67784,0.67795
848,2023-05-09 00:29:00,0.67784,0.67795
849,2023-05-09 00:29:04,0.67786,0.67797
850,2023-05-09 00:29:06,0.67785,0.67796
851,2023-05-09 00:29:15,0.67784,0.67795
852,2023-05-09 00:29:18,0.67783,0.67794
853,2023-05-09 00:29:20,0.67785,0.67796
854,2023-05-09 00:29:24,0.67786,0.67797
855,2023-05-09 00:29:25,0.67785,0.67796
856,2023-05-09 00:29:25,0.67786,0.67797
857,2023-05-09 00:29:37,0.67785,0.67796
858,2023-05-09 00:29:38,0.67784,0.67795
859,2023-05-09 00:29:39,0.67785,0.67796
860,2023-05-09 00:29:39,0.67784,0.67795
861,2023-05-09 00:29:44,0.67785,0.67796
862,2023-05-09 00:29:45,0.67786,0.67797
863,2023-05-09 00:29:46,0.67785,0.67796
864,2023-05-09 00:29:54,0.67786,0.67797
865,2023-05-09 00:29:54,0.67785,0.67796
866,2023-05-09 00:29:56,0.67786,0.67797
867,2023-05-09 00:30:00,0.67787,0.67798
868,2023-05-09 00:30:00,0.67785,0.67796
869,2023-05-09 00:30:01,0.67787,0.67798
870,2023-05-09 00:30:01,0.67789,0.678
871,2023-05-09 00:30:03,0.6779,0.67801
872,2023-05-09 00:30:08,0.67791,0.67802
873,2023-05-09 00:30:13,0.6779,0.67801
874,2023-05-09 00:30:13,0.67789,0.678
875,2023-05-09 00:30:14,0.6779,0.67801
876,2023-05-09 00:30:15,0.67789,0.678
877,2023-05-09 00:30:16,0.6779,0.67801
878,2023-05-09 00:30:24,0.67789,0.678
879,2023-05-09 00:30:26,0.67788,0.67799
880,2023-05-09 00:30:26,0.67786,0.67797
881,2023-05-09 00:30:26,0.67784,0.67795
882,2023-05-09 00:30:28,0.67785,0.67796
883,2023-05-09 00:30:31,0.67784,0.67795
884,2023-05-09 00:30:33,0.67785,0.67796
885,2023-05-09 00:30:54,0.67784,0.67795
886,2023-05-09 00:30:55,0.67785,0.67796
887,2023-05-09 00:30:57,0.67784,0.67795
888,2023-05-09 00:31:00,0.67784,0.67795
889,2023-05-09 00:31:03,0.67786,0.67797
890,2023-05-09 00:31:03,0.67785,0.67796
891,2023-05-09 00:31:04,0.67786,0.67797
892,2023-05-09 00:31:04,0.67785,0.67796
893,2023-05-09 00:31:05,0.67784,0.67795
894,2023-05-09 00:31:06,0.67785,0.67796
895,2023-05-09 00:31:10,0.67786,0.67797
896,2023-05-09 00:31:10,0.67785,0.67796
897,2023-05-09 00:31:10,0.67784,0.67795
898,2023-05-09 00:31:12,0.67785,0.67796
899,2023-05-09 00:31:13,0.67784,0.67795
900,2023-05-09 00:31:16,0.67788,0.67799
901,2023-05-09 00:31:16,0.67787,0.67798
902,2023-05-09 00:31:16,0.67785,0.67796
903,2023-05-09 00:31:17,0.67784,0.67795
904,2023-05-09 00:31:20,0.67785,0.67796
905,2023-05-09 00:31:42,0.67788,0.67799
906,2023-05-09 00:31:43,0.67787,0.67798
907,2023-05-09 00:31:46,0.67786,0.67797
908,2023-05-09 00:31:46,0.67787,0.67798
909,2023-05-09 00:31:48,0.67788,0.67799
910,2023-05-09 00:31:49,0.67787,0.67798
911,2023-05-09 00:31:50,0.67786,0.67797
912,2023-05-09 00:31:51,0.67788,0.67799
913,2023-05-09 00:31:52,0.67787,0.67798
914,2023-05-09 00:31:54,0.67786,0.67797
915,2023-05-09 00:32:00,0.67786,0.67797
916,2023-05-09 00:32:00,0.67785,0.67796
917,2023-05-09 00:32:23,0.67784,0.67795
918,2023-05-09 00:32:25,0.67781,0.67792
919,2023-05-09 00:32:25,0.6778,0.67791
920,2023-05-09 00:32:34,0.67781,0.67792
921,2023-05-09 00:32:34,0.67783,0.67794
922,2023-05-09 00:32:41,0.6778,0.67791
923,2023-05-09 00:32:44,0.67779,0.6779
924,2023-05-09 00:32:50,0.67778,0.67789
925,2023-05-09 00:33:00,0.67778,0.67789
926,2023-05-09 00:33:01,0.67775,0.67786
927,2023-05-09 00:33:01,0.6777,0.67781
928,2023-05-09 00:33:02,0.67773,0.67784
929,2023-05-09 00:33:02,0.67774,0.67785
930,2023-05-09 00:33:03,0.67773,0.67784
931,2023-05-09 00:33:04,0.67774,0.67785
932,2023-05-09 00:33:05,0.67775,0.67786
933,2023-05-09 00:33:05,0.67774,0.67785
934,2023-05-09 00:33:11,0.67775,0.67786
935,2023-05-09 00:33:12,0.67774,0.67785
936,2023-05-09 00:33:16,0.6777,0.67781
937,2023-05-09 00:33:25,0.67769,0.6778
938,2023-05-09 00:33:26,0.67768,0.67779
939,2023-05-09 00:33:28,0.67769,0.6778
940,2023-05-09 00:33:30,0.6777,0.67781
941,2023-05-09 00:33:36,0.67772,0.67783
942,2023-05-09 00:33:36,0.67774,0.67785
943,2023-05-09 00:33:37,0.67775,0.67786
944,2023-05-09 00:33:38,0.67774,0.67785
945,2023-05-09 00:33:38,0.67773,0.67784
946,2023-05-09 00:33:38,0.67768,0.67779
947,2023-05-09 00:33:39,0.67767,0.67778
948,2023-05-09 00:33:39,0.67768,0.67779
949,2023-05-09 00:33:39,0.67767,0.67778
950,2023-05-09 00:33:40,0.67768,0.67779
951,2023-05-09 00:33:40,0.6777,0.67781
952,2023-05-09 00:33:42,0.67771,0.67782
953,2023-05-09 00:33:44,0.67773,0.67784
954,2023-05-09 00:33:46,0.67772,0.67783
955,2023-05-09 00:33:46,0.6777,0.67781
956,2023-05-09 00:33:47,0.67768,0.67779
957,2023-05-09 00:33:47,0.67766,0.67777
958,2023-05-09 00:33:50,0.67769,0.6778
959,2023-05-09 00:34:00,0.67769,0.6778
960,2023-05-09 00:34:00,0.6777,0.67781
961,2023-05-09 00:34:06,0.67768,0.67779
962,2023-05-09 00:34:07,0.67769,0.6778
963,2023-05-09 00:34:09,0.67768,0.67779
964,2023-05-09 00:34:16,0.67773,0.67784
965,2023-05-09 00:34:16,0.67774,0.67785
966,2023-05-09 00:34:16,0.67775,0.67786
967,2023-05-09 00:34:23,0.67778,0.67789
968,2023-05-09 00:34:24,0.67776,0.67787
969,2023-05-09 00:34:24,0.67775,0.67786
970,2023-05-09 00:34:28,0.67778,0.67789
971,2023-05-09 00:34:30,0.67775,0.67786
972,2023-05-09 00:35:00,0.67775,0.67786
973,2023-05-09 00:35:04,0.67773,0.67784
974,2023-05-09 00:35:05,0.67774,0.67785
975,2023-05-09 00:35:05,0.67777,0.67788
976,2023-05-09 00:35:06,0.67776,0.67787
977,2023-05-09 00:35:07,0.67777,0.67788
978,2023-05-09 00:35:08,0.67776,0.67787
979,2023-05-09 00:35:08,0.67778,0.67789
980,2023-05-09 00:35:09,0.67777,0.67788
981,2023-05-09 00:35:09,0.67778,0.67789
982,2023-05-09 00:35:13,0.67777,0.67788
983,2023-05-09 00:35:14,0.67778,0.67789
984,2023-05-09 00:35:14,0.67777,0.67788
985,2023-05-09 00:35:15,0.67778,0.67789
986,2023-05-09 00:35:15,0.67777,0.67788
987,2023-05-09 00:35:16,0.67778,0.67789
988,2023-05-09 00:35:35,0.67779,0.6779
989,2023-05-09 00:35:36,0.6778,0.67791
990,2023-05-09 00:35:47,0.67778,0.67789
991,2023-05-09 00:35:57,0.67775,0.67786
992,2023-05-09 00:35:58,0.67774,0.67785
993,2023-05-09 00:36:00,0.67774,0.67785
994,2023-05-09 00:36:00,0.67775,0.67786
995,2023-05-09 00:36:01,0.67774,0.67785
996,2023-05-09 00:36:02,0.67773,0.67784
997,2023-05-09 00:36:06,0.67775,0.67786
998,2023-05-09 00:36:12,0.67774,0.67785
999,2023-05-09 00:36:17,0.67773,0.67784
1000,2023-05-09 00:36:19,0.67774,0.67785
1001,2023-05-09 00:36:24,0.67775,0.67786
1002,2023-05-09 00:36:25,0.67774,0.67785
1003,2023-05-09 00:36:26,0.67773,0.67784
1004,2023-05-09 00:36:29,0.67771,0.67782
1005,2023-05-09 00:36:30,0.67769,0.6778
1006,2023-05-09 00:36:30,0.67768,0.67779
1007,2023-05-09 00:36:38,0.67769,0.6778
1008,2023-05-09 00:36:38,0.67768,0.67779
1009,2023-05-09 00:36:41,0.67769,0.6778
1010,2023-05-09 00:36:41,0.67768,0.67779
1011,2023-05-09 00:36:57,0.67769,0.6778
1012,2023-05-09 00:36:59,0.67768,0.67779
1013,2023-05-09 00:37:00,0.67768,0.67779
1014,2023-05-09 00:37:04,0.67766,0.67777
1015,2023-05-09 00:37:05,0.67768,0.67779
1016,2023-05-09 00:37:06,0.67767,0.67778
1017,2023-05-09 00:37:07,0.67768,0.67779
1018,2023-05-09 00:37:08,0.67767,0.67778
1019,2023-05-09 00:37:08,0.67768,0.67779
1020,2023-05-09 00:37:15,0.67769,0.6778
1021,2023-05-09 00:37:16,0.6777,0.67781
1022,2023-05-09 00:37:17,0.67769,0.6778
1023,2023-05-09 00:37:20,0.67768,0.67779
1024,2023-05-09 00:37:23,0.67769,0.6778
1025,2023-05-09 00:37:28,0.67767,0.67778
1026,2023-05-09 00:37:28,0.67765,0.67776
1027,2023-05-09 00:37:32,0.67768,0.67779
1028,2023-05-09 00:37:32,0.67766,0.67777
1029,2023-05-09 00:37:34,0.67765,0.67776
1030,2023-05-09 00:37:36,0.67766,0.67777
1031,2023-05-09 00:37:36,0.67765,0.67776
1032,2023-05-09 00:37:47,0.67763,0.67774
1033,2023-05-09 00:37:48,0.67759,0.6777
1034,2023-05-09 00:37:48,0.67758,0.67769
1035,2023-05-09 00:37:49,0.67759,0.6777
1036,2023-05-09 00:37:54,0.6776,0.67771
1037,2023-05-09 00:37:56,0.67759,0.6777
1038,2023-05-09 00:37:56,0.6776,0.67771
1039,2023-05-09 00:37:57,0.67759,0.6777
1040,2023-05-09 00:37:57,0.6776,0.67771
1041,2023-05-09 00:37:58,0.67759,0.6777
1042,2023-05-09 00:37:59,0.67763,0.67774
1043,2023-05-09 00:37:59,0.67764,0.67775
1044,2023-05-09 00:38:00,0.67764,0.67775
1045,2023-05-09 00:38:01,0.67761,0.67772
1046,2023-05-09 00:38:01,0.67759,0.6777
1047,2023-05-09 00:38:07,0.6776,0.67771
1048,2023-05-09 00:38:08,0.67759,0.6777
1049,2023-05-09 00:38:10,0.6776,0.67771
1050,2023-05-09 00:38:13,0.67759,0.6777
1051,2023-05-09 00:38:14,0.67762,0.67773
1052,2023-05-09 00:38:14,0.67763,0.67774
1053,2023-05-09 00:38:15,0.67767,0.67778
1054,2023-05-09 00:38:16,0.67766,0.67777
1055,2023-05-09 00:38:17,0.67765,0.67776
1056,2023-05-09 00:38:19,0.67769,0.6778
1057,2023-05-09 00:38:20,0.67768,0.67779
1058,2023-05-09 00:38:25,0.67769,0.6778
1059,2023-05-09 00:38:28,0.6777,0.67781
1060,2023-05-09 00:38:30,0.67769,0.6778
1061,2023-05-09 00:38:33,0.6777,0.67781
1062,2023-05-09 00:38:43,0.67769,0.6778
1063,2023-05-09 00:38:51,0.6777,0.67781
1064,2023-05-09 00:38:55,0.67768,0.67779
1065,2023-05-09 00:38:58,0.6777,0.67781
1066,2023-05-09 00:39:00,0.6777,0.67781
1067,2023-05-09 00:39:00,0.67769,0.6778
1068,2023-05-09 00:39:06,0.6777,0.67781
1069,2023-05-09 00:39:07,0.67768,0.67779
1070,2023-05-09 00:39:13,0.67769,0.6778
1071,2023-05-09 00:39:22,0.6777,0.67781
1072,2023-05-09 00:39:22,0.67769,0.6778
1073,2023-05-09 00:39:22,0.6777,0.67781
1074,2023-05-09 00:39:25,0.67771,0.67782
1075,2023-05-09 00:39:25,0.67773,0.67784
1076,2023-05-09 00:39:25,0.67774,0.67785
1077,2023-05-09 00:39:30,0.67772,0.67783
1078,2023-05-09 00:39:30,0.6777,0.67781
1079,2023-05-09 00:39:40,0.67771,0.67782
1080,2023-05-09 00:39:40,0.6777,0.67781
1081,2023-05-09 00:39:40,0.67769,0.6778
1082,2023-05-09 00:39:43,0.6777,0.67781
1083,2023-05-09 00:39:43,0.67769,0.6778
1084,2023-05-09 00:39:52,0.6777,0.67781
1085,2023-05-09 00:39:55,0.67771,0.67782
1086,2023-05-09 00:39:55,0.6777,0.67781
1087,2023-05-09 00:40:00,0.6777,0.67781
1088,2023-05-09 00:40:03,0.67768,0.67779
1089,2023-05-09 00:40:03,0.67767,0.67778
1090,2023-05-09 00:40:04,0.67766,0.67777
1091,2023-05-09 00:40:08,0.67768,0.67779
1092,2023-05-09 00:40:09,0.67766,0.67777
1093,2023-05-09 00:40:10,0.67765,0.67776
1094,2023-05-09 00:40:10,0.67763,0.67774
1095,2023-05-09 00:40:11,0.67761,0.67772
1096,2023-05-09 00:40:11,0.67762,0.67773
1097,2023-05-09 00:40:11,0.67763,0.67774
1098,2023-05-09 00:40:12,0.67761,0.67772
1099,2023-05-09 00:40:12,0.67762,0.67773
1100,2023-05-09 00:40:13,0.67763,0.67774
1101,2023-05-09 00:40:16,0.67766,0.67777
1102,2023-05-09 00:40:16,0.67765,0.67776
1103,2023-05-09 00:40:29,0.67764,0.67775
1104,2023-05-09 00:40:30,0.67765,0.67776
1105,2023-05-09 00:40:37,0.67767,0.67778
1106,2023-05-09 00:40:38,0.67769,0.6778
1107,2023-05-09 00:40:52,0.67768,0.67779
1108,2023-05-09 00:40:53,0.67769,0.6778
1109,2023-05-09 00:41:00,0.67765,0.67776
1110,2023-05-09 00:41:07,0.67764,0.67775
1111,2023-05-09 00:41:09,0.67765,0.67776
1112,2023-05-09 00:41:19,0.67764,0.67775
1113,2023-05-09 00:41:20,0.67766,0.67777
1114,2023-05-09 00:41:21,0.67765,0.67776
1115,2023-05-09 00:41:21,0.67764,0.67775
1116,2023-05-09 00:41:23,0.67765,0.67776
1117,2023-05-09 00:41:27,0.67764,0.67775
1118,2023-05-09 00:41:30,0.67763,0.67774
1119,2023-05-09 00:41:30,0.67759,0.6777
1120,2023-05-09 00:41:31,0.6776,0.67771
1121,2023-05-09 00:41:31,0.67762,0.67773
1122,2023-05-09 00:41:32,0.67759,0.6777
1123,2023-05-09 00:41:32,0.6776,0.67771
1124,2023-05-09 00:41:34,0.67759,0.6777
1125,2023-05-09 00:41:35,0.6776,0.67771
1126,2023-05-09 00:41:37,0.67759,0.6777
1127,2023-05-09 00:41:38,0.6776,0.67771
1128,2023-05-09 00:41:38,0.67759,0.6777
1129,2023-05-09 00:41:40,0.6776,0.67771
1130,2023-05-09 00:41:42,0.67759,0.6777
1131,2023-05-09 00:41:46,0.6776,0.67771
1132,2023-05-09 00:41:48,0.67762,0.67773
1133,2023-05-09 00:41:49,0.6776,0.67771
1134,2023-05-09 00:41:59,0.67762,0.67773
1135,2023-05-09 00:41:59,0.67761,0.67772
1136,2023-05-09 00:42:00,0.6776,0.67771
1137,2023-05-09 00:42:04,0.67762,0.67773
1138,2023-05-09 00:42:04,0.67763,0.67774
1139,2023-05-09 00:42:09,0.67764,0.67775
1140,2023-05-09 00:42:13,0.67765,0.67776
1141,2023-05-09 00:42:14,0.67767,0.67778
1142,2023-05-09 00:42:16,0.67766,0.67777
1143,2023-05-09 00:42:17,0.67765,0.67776
1144,2023-05-09 00:42:22,0.67764,0.67775
1145,2023-05-09 00:42:27,0.67765,0.67776
1146,2023-05-09 00:42:28,0.67766,0.67777
1147,2023-05-09 00:42:28,0.67767,0.67778
1148,2023-05-09 00:42:28,0.67768,0.67779
1149,2023-05-09 00:42:31,0.67769,0.6778
1150,2023-05-09 00:42:32,0.6777,0.67781
1151,2023-05-09 00:42:35,0.67769,0.6778
1152,2023-05-09 00:42:39,0.6777,0.67781
1153,2023-05-09 00:42:51,0.67769,0.6778
1154,2023-05-09 00:42:54,0.6777,0.67781
1155,2023-05-09 00:42:56,0.67764,0.67775
1156,2023-05-09 00:42:57,0.67763,0.67774
1157,2023-05-09 00:42:58,0.67764,0.67775
1158,2023-05-09 00:43:00,0.67764,0.67775
1159,2023-05-09 00:43:02,0.67766,0.67777
1160,2023-05-09 00:43:03,0.67765,0.67776
1161,2023-05-09 00:43:05,0.67767,0.67778
1162,2023-05-09 00:43:07,0.67766,0.67777
1163,2023-05-09 00:43:07,0.67765,0.67776
1164,2023-05-09 00:43:10,0.67764,0.67775
1165,2023-05-09 00:43:10,0.67763,0.67774
1166,2023-05-09 00:43:22,0.67766,0.67777
1167,2023-05-09 00:43:22,0.67765,0.67776
1168,2023-05-09 00:43:22,0.67766,0.67777
1169,2023-05-09 00:43:22,0.67765,0.67776
1170,2023-05-09 00:43:25,0.67766,0.67777
1171,2023-05-09 00:43:28,0.67764,0.67775
1172,2023-05-09 00:43:29,0.67765,0.67776
1173,2023-05-09 00:43:34,0.67766,0.67777
1174,2023-05-09 00:43:38,0.67765,0.67776
1175,2023-05-09 00:43:41,0.67764,0.67775
1176,2023-05-09 00:43:42,0.67765,0.67776
1177,2023-05-09 00:43:42,0.67764,0.67775
1178,2023-05-09 00:43:47,0.67765,0.67776
1179,2023-05-09 00:43:53,0.67764,0.67775
1180,2023-05-09 00:43:57,0.67765,0.67776
1181,2023-05-09 00:43:58,0.67767,0.67778
1182,2023-05-09 00:43:58,0.67766,0.67777
1183,2023-05-09 00:44:00,0.67766,0.67777
1184,2023-05-09 00:44:02,0.67765,0.67776
1185,2023-05-09 00:44:03,0.67764,0.67775
1186,2023-05-09 00:44:03,0.67765,0.67776
1187,2023-05-09 00:44:05,0.67764,0.67775
1188,2023-05-09 00:44:09,0.67765,0.67776
1189,2023-05-09 00:44:09,0.67769,0.6778
1190,2023-05-09 00:44:09,0.6777,0.67781
1191,2023-05-09 00:44:09,0.67769,0.6778
1192,2023-05-09 00:44:16,0.6777,0.67781
1193,2023-05-09 00:44:19,0.67769,0.6778
1194,2023-05-09 00:44:24,0.6777,0.67781
1195,2023-05-09 00:44:24,0.67771,0.67782
1196,2023-05-09 00:44:25,0.67769,0.6778
1197,2023-05-09 00:44:25,0.67768,0.67779
1198,2023-05-09 00:44:26,0.67769,0.6778
1199,2023-05-09 00:44:28,0.67768,0.67779
1200,2023-05-09 00:44:31,0.67769,0.6778
1201,2023-05-09 00:44:32,0.6777,0.67781
1202,2023-05-09 00:44:36,0.67769,0.6778
1203,2023-05-09 00:44:41,0.6777,0.67781
1204,2023-05-09 00:44:46,0.67766,0.67777
1205,2023-05-09 00:44:47,0.67765,0.67776
1206,2023-05-09 00:44:48,0.67766,0.67777
1207,2023-05-09 00:44:49,0.67765,0.67776
1208,2023-05-09 00:44:50,0.67766,0.67777
1209,2023-05-09 00:44:51,0.67767,0.67778
1210,2023-05-09 00:44:52,0.67766,0.67777
1211,2023-05-09 00:44:52,0.67765,0.67776
1212,2023-05-09 00:44:54,0.67766,0.67777
1213,2023-05-09 00:44:56,0.67765,0.67776
1214,2023-05-09 00:44:57,0.67766,0.67777
1215,2023-05-09 00:45:00,0.67766,0.67777
1216,2023-05-09 00:45:00,0.67765,0.67776
1217,2023-05-09 00:45:00,0.67767,0.67778
1218,2023-05-09 00:45:01,0.67766,0.67777
1219,2023-05-09 00:45:01,0.67765,0.67776
1220,2023-05-09 00:45:26,0.6776,0.67771
1221,2023-05-09 00:45:26,0.67759,0.6777
1222,2023-05-09 00:45:28,0.6776,0.67771
1223,2023-05-09 00:45:30,0.67759,0.6777
1224,2023-05-09 00:45:31,0.67758,0.67769
1225,2023-05-09 00:45:36,0.67759,0.6777
1226,2023-05-09 00:45:39,0.67758,0.67769
1227,2023-05-09 00:45:43,0.67759,0.6777
1228,2023-05-09 00:45:43,0.6776,0.67771
1229,2023-05-09 00:45:46,0.67761,0.67772
1230,2023-05-09 00:45:47,0.67762,0.67773
1231,2023-05-09 00:45:48,0.67763,0.67774
1232,2023-05-09 00:45:49,0.67764,0.67775
1233,2023-05-09 00:45:51,0.67765,0.67776
1234,2023-05-09 00:45:54,0.67764,0.67775
1235,2023-05-09 00:45:55,0.67767,0.67778
1236,2023-05-09 00:45:56,0.67766,0.67777
1237,2023-05-09 00:46:00,0.67766,0.67777
1238,2023-05-09 00:46:00,0.67767,0.67778
1239,2023-05-09 00:46:02,0.67768,0.67779
1240,2023-05-09 00:46:03,0.67767,0.67778
1241,2023-05-09 00:46:07,0.67768,0.67779
1242,2023-05-09 00:46:08,0.67772,0.67783
1243,2023-05-09 00:46:09,0.67774,0.67785
1244,2023-05-09 00:46:09,0.67773,0.67784
1245,2023-05-09 00:46:11,0.67774,0.67785
1246,2023-05-09 00:46:12,0.67775,0.67786
1247,2023-05-09 00:46:12,0.67776,0.67787
1248,2023-05-09 00:46:12,0.67775,0.67786
1249,2023-05-09 00:46:13,0.67776,0.67787
1250,2023-05-09 00:46:13,0.67775,0.67786
1251,2023-05-09 00:46:23,0.67776,0.67787
1252,2023-05-09 00:46:23,0.67775,0.67786
1253,2023-05-09 00:46:30,0.67774,0.67785
1254,2023-05-09 00:46:34,0.67775,0.67786
1255,2023-05-09 00:46:52,0.67776,0.67787
1256,2023-05-09 00:46:52,0.67775,0.67786
1257,2023-05-09 00:46:55,0.6777,0.67781
1258,2023-05-09 00:46:56,0.67771,0.67782
1259,2023-05-09 00:46:58,0.67772,0.67783
1260,2023-05-09 00:46:59,0.67771,0.67782
1261,2023-05-09 00:47:00,0.67772,0.67783
1262,2023-05-09 00:47:05,0.67769,0.6778
1263,2023-05-09 00:47:06,0.6777,0.67781
1264,2023-05-09 00:47:10,0.67768,0.67779
1265,2023-05-09 00:47:11,0.67767,0.67778
1266,2023-05-09 00:47:13,0.67769,0.6778
1267,2023-05-09 00:47:14,0.67768,0.67779
1268,2023-05-09 00:47:21,0.67769,0.6778
1269,2023-05-09 00:47:22,0.67768,0.67779
1270,2023-05-09 00:47:23,0.67769,0.6778
1271,2023-05-09 00:47:30,0.67764,0.67775
1272,2023-05-09 00:47:30,0.67763,0.67774
1273,2023-05-09 00:47:35,0.67764,0.67775
1274,2023-05-09 00:47:37,0.67763,0.67774
1275,2023-05-09 00:47:38,0.67762,0.67773
1276,2023-05-09 00:47:38,0.67761,0.67772
1277,2023-05-09 00:47:39,0.67762,0.67773
1278,2023-05-09 00:47:46,0.67763,0.67774
1279,2023-05-09 00:48:00,0.67763,0.67774
1280,2023-05-09 00:48:11,0.67764,0.67775
1281,2023-05-09 00:48:32,0.67763,0.67774
1282,2023-05-09 00:48:32,0.6776,0.67771
1283,2023-05-09 00:48:33,0.67761,0.67772
1284,2023-05-09 00:48:36,0.67762,0.67773
1285,2023-05-09 00:48:42,0.67763,0.67774
1286,2023-05-09 00:48:47,0.67764,0.67775
1287,2023-05-09 00:48:47,0.67765,0.67776
1288,2023-05-09 00:48:48,0.67764,0.67775
1289,2023-05-09 00:48:50,0.67765,0.67776
1290,2023-05-09 00:48:51,0.67764,0.67775
1291,2023-05-09 00:48:52,0.67765,0.67776
1292,2023-05-09 00:48:58,0.67764,0.67775
1293,2023-05-09 00:49:00,0.67764,0.67775
1294,2023-05-09 00:49:00,0.67765,0.67776
1295,2023-05-09 00:49:00,0.67764,0.67775
1296,2023-05-09 00:49:02,0.67766,0.67777
1297,2023-05-09 00:49:02,0.67765,0.67776
1298,2023-05-09 00:49:05,0.67767,0.67778
1299,2023-05-09 00:49:06,0.67766,0.67777
1300,2023-05-09 00:49:06,0.67765,0.67776
1301,2023-05-09 00:49:07,0.67764,0.67775
1302,2023-05-09 00:49:12,0.67765,0.67776
1303,2023-05-09 00:49:12,0.67764,0.67775
1304,2023-05-09 00:49:17,0.67761,0.67772
1305,2023-05-09 00:49:17,0.67762,0.67773
1306,2023-05-09 00:49:17,0.67763,0.67774
1307,2023-05-09 00:49:18,0.67764,0.67775
1308,2023-05-09 00:49:27,0.67765,0.67776
1309,2023-05-09 00:49:29,0.67764,0.67775
1310,2023-05-09 00:49:30,0.67766,0.67777
1311,2023-05-09 00:49:34,0.67765,0.67776
1312,2023-05-09 00:49:34,0.67764,0.67775
1313,2023-05-09 00:49:34,0.67765,0.67776
1314,2023-05-09 00:49:37,0.67766,0.67777
1315,2023-05-09 00:49:42,0.67768,0.67779
1316,2023-05-09 00:49:46,0.6777,0.67781
1317,2023-05-09 00:49:47,0.67771,0.67782
1318,2023-05-09 00:49:47,0.67773,0.67784
1319,2023-05-09 00:49:47,0.67774,0.67785
1320,2023-05-09 00:49:49,0.67775,0.67786
1321,2023-05-09 00:49:52,0.67774,0.67785
1322,2023-05-09 00:49:54,0.67775,0.67786
1323,2023-05-09 00:49:54,0.6777,0.67781
1324,2023-05-09 00:49:59,0.67769,0.6778
1325,2023-05-09 00:49:59,0.6777,0.67781
1326,2023-05-09 00:49:59,0.67769,0.6778
1327,2023-05-09 00:50:00,0.67769,0.6778
1328,2023-05-09 00:50:05,0.67765,0.67776
1329,2023-05-09 00:50:06,0.67764,0.67775
1330,2023-05-09 00:50:09,0.67765,0.67776
1331,2023-05-09 00:50:11,0.67764,0.67775
1332,2023-05-09 00:50:13,0.67765,0.67776
1333,2023-05-09 00:50:15,0.67766,0.67777
1334,2023-05-09 00:50:17,0.67767,0.67778
1335,2023-05-09 00:50:18,0.67765,0.67776
1336,2023-05-09 00:50:23,0.67766,0.67777
1337,2023-05-09 00:50:24,0.67765,0.67776
1338,2023-05-09 00:50:24,0.67766,0.67777
1339,2023-05-09 00:50:24,0.67765,0.67776
1340,2023-05-09 00:50:28,0.67767,0.67778
1341,2023-05-09 00:50:29,0.67766,0.67777
1342,2023-05-09 00:50:31,0.67767,0.67778
1343,2023-05-09 00:50:33,0.67769,0.6778
1344,2023-05-09 00:50:35,0.67765,0.67776
1345,2023-05-09 00:50:35,0.67764,0.67775
1346,2023-05-09 00:50:41,0.67765,0.67776
1347,2023-05-09 00:50:45,0.67766,0.67777
1348,2023-05-09 00:50:49,0.67765,0.67776
1349,2023-05-09 00:50:51,0.67766,0.67777
1350,2023-05-09 00:50:52,0.67767,0.67778
1351,2023-05-09 00:50:52,0.67769,0.6778
1352,2023-05-09 00:50:52,0.67766,0.67777
1353,2023-05-09 00:50:53,0.67765,0.67776
1354,2023-05-09 00:50:53,0.67764,0.67775
1355,2023-05-09 00:50:53,0.6776,0.67771
1356,2023-05-09 00:51:00,0.6776,0.67771
1357,2023-05-09 00:51:00,0.67761,0.67772
1358,2023-05-09 00:51:01,0.67762,0.67773
1359,2023-05-09 00:51:01,0.67761,0.67772
1360,2023-05-09 00:51:01,0.6776,0.67771
1361,2023-05-09 00:51:02,0.67761,0.67772
1362,2023-05-09 00:51:04,0.67763,0.67774
1363,2023-05-09 00:51:08,0.67766,0.67777
1364,2023-05-09 00:51:08,0.67765,0.67776
1365,2023-05-09 00:51:11,0.67766,0.67777
1366,2023-05-09 00:51:13,0.67765,0.67776
1367,2023-05-09 00:51:18,0.67766,0.67777
1368,2023-05-09 00:51:19,0.67765,0.67776
1369,2023-05-09 00:51:28,0.67766,0.67777
1370,2023-05-09 00:51:28,0.67765,0.67776
1371,2023-05-09 00:51:28,0.67764,0.67775
1372,2023-05-09 00:51:29,0.67765,0.67776
1373,2023-05-09 00:51:33,0.67764,0.67775
1374,2023-05-09 00:51:36,0.67765,0.67776
1375,2023-05-09 00:51:36,0.67764,0.67775
1376,2023-05-09 00:51:37,0.67765,0.67776
1377,2023-05-09 00:51:37,0.67766,0.67777
1378,2023-05-09 00:51:40,0.67767,0.67778
1379,2023-05-09 00:51:41,0.67768,0.67779
1380,2023-05-09 00:51:41,0.67769,0.6778
1381,2023-05-09 00:51:43,0.67766,0.67777
1382,2023-05-09 00:51:47,0.67765,0.67776
1383,2023-05-09 00:51:52,0.67766,0.67777
1384,2023-05-09 00:51:55,0.67765,0.67776
1385,2023-05-09 00:51:59,0.67764,0.67775
1386,2023-05-09 00:52:00,0.67764,0.67775
1387,2023-05-09 00:52:09,0.67765,0.67776
1388,2023-05-09 00:52:09,0.67764,0.67775
1389,2023-05-09 00:52:09,0.67765,0.67776
1390,2023-05-09 00:52:10,0.67766,0.67777
1391,2023-05-09 00:52:11,0.67765,0.67776
1392,2023-05-09 00:52:20,0.67763,0.67774
1393,2023-05-09 00:52:20,0.67761,0.67772
1394,2023-05-09 00:52:21,0.67762,0.67773
1395,2023-05-09 00:52:22,0.67763,0.67774
1396,2023-05-09 00:52:22,0.67762,0.67773
1397,2023-05-09 00:52:25,0.67761,0.67772
1398,2023-05-09 00:52:27,0.67762,0.67773
1399,2023-05-09 00:52:27,0.67761,0.67772
1400,2023-05-09 00:52:31,0.67762,0.67773
1401,2023-05-09 00:52:33,0.67761,0.67772
1402,2023-05-09 00:52:34,0.67762,0.67773
1403,2023-05-09 00:52:34,0.67761,0.67772
1404,2023-05-09 00:52:37,0.6776,0.67771
1405,2023-05-09 00:52:44,0.67761,0.67772
1406,2023-05-09 00:52:47,0.6776,0.67771
1407,2023-05-09 00:52:52,0.67761,0.67772
1408,2023-05-09 00:52:54,0.67763,0.67774
1409,2023-05-09 00:52:54,0.67762,0.67773
1410,2023-05-09 00:53:00,0.67762,0.67773
1411,2023-05-09 00:53:00,0.67764,0.67775
1412,2023-05-09 00:53:01,0.67762,0.67773
1413,2023-05-09 00:53:03,0.67761,0.67772
1414,2023-05-09 00:53:10,0.6776,0.67771
1415,2023-05-09 00:53:23,0.67761,0.67772
1416,2023-05-09 00:53:29,0.6776,0.67771
1417,2023-05-09 00:53:35,0.67759,0.6777
1418,2023-05-09 00:53:38,0.6776,0.67771
1419,2023-05-09 00:53:42,0.67761,0.67772
1420,2023-05-09 00:53:43,0.6776,0.67771
1421,2023-05-09 00:53:43,0.67761,0.67772
1422,2023-05-09 00:53:46,0.67762,0.67773
1423,2023-05-09 00:53:48,0.6776,0.67771
1424,2023-05-09 00:53:48,0.67761,0.67772
1425,2023-05-09 00:53:49,0.6776,0.67771
1426,2023-05-09 00:53:51,0.67761,0.67772
1427,2023-05-09 00:53:57,0.6776,0.67771
1428,2023-05-09 00:53:59,0.67759,0.6777
1429,2023-05-09 00:54:00,0.67759,0.6777
1430,2023-05-09 00:54:01,0.67758,0.67769
1431,2023-05-09 00:54:04,0.67759,0.6777
1432,2023-05-09 00:54:04,0.67758,0.67769
1433,2023-05-09 00:54:05,0.67759,0.6777
1434,2023-05-09 00:54:06,0.6776,0.67771
1435,2023-05-09 00:54:06,0.67759,0.6777
1436,2023-05-09 00:54:08,0.6776,0.67771
1437,2023-05-09 00:54:16,0.67759,0.6777
1438,2023-05-09 00:54:16,0.6776,0.67771
1439,2023-05-09 00:54:17,0.67761,0.67772
1440,2023-05-09 00:54:20,0.6776,0.67771
1441,2023-05-09 00:54:23,0.67759,0.6777
1442,2023-05-09 00:54:23,0.6776,0.67771
1443,2023-05-09 00:54:29,0.67759,0.6777
1444,2023-05-09 00:54:29,0.67758,0.67769
1445,2023-05-09 00:54:29,0.67759,0.6777
1446,2023-05-09 00:54:32,0.6776,0.67771
1447,2023-05-09 00:54:33,0.67761,0.67772
1448,2023-05-09 00:54:34,0.67763,0.67774
1449,2023-05-09 00:54:34,0.67762,0.67773
1450,2023-05-09 00:54:35,0.67761,0.67772
1451,2023-05-09 00:54:36,0.67762,0.67773
1452,2023-05-09 00:54:36,0.67765,0.67776
1453,2023-05-09 00:54:36,0.67764,0.67775
1454,2023-05-09 00:54:37,0.67765,0.67776
1455,2023-05-09 00:54:37,0.67766,0.67777
1456,2023-05-09 00:54:38,0.67765,0.67776
1457,2023-05-09 00:54:39,0.67764,0.67775
1458,2023-05-09 00:54:40,0.67765,0.67776
1459,2023-05-09 00:54:42,0.67764,0.67775
1460,2023-05-09 00:54:43,0.67765,0.67776
1461,2023-05-09 00:54:44,0.67763,0.67774
1462,2023-05-09 00:54:44,0.67764,0.67775
1463,2023-05-09 00:54:45,0.67763,0.67774
1464,2023-05-09 00:54:45,0.67764,0.67775
1465,2023-05-09 00:54:47,0.67768,0.67779
1466,2023-05-09 00:54:47,0.67767,0.67778
1467,2023-05-09 00:54:47,0.67766,0.67777
1468,2023-05-09 00:54:47,0.67765,0.67776
1469,2023-05-09 00:54:49,0.67764,0.67775
1470,2023-05-09 00:54:51,0.67766,0.67777
1471,2023-05-09 00:54:52,0.67765,0.67776
1472,2023-05-09 00:54:53,0.67769,0.6778
1473,2023-05-09 00:54:53,0.67767,0.67778
1474,2023-05-09 00:54:54,0.67765,0.67776
1475,2023-05-09 00:54:54,0.67767,0.67778
1476,2023-05-09 00:54:55,0.67766,0.67777
1477,2023-05-09 00:54:55,0.67769,0.6778
1478,2023-05-09 00:54:57,0.67774,0.67785
1479,2023-05-09 00:54:57,0.67775,0.67786
1480,2023-05-09 00:54:59,0.67772,0.67783
1481,2023-05-09 00:54:59,0.67774,0.67785
1482,2023-05-09 00:55:00,0.6777,0.67781
1483,2023-05-09 00:55:00,0.67764,0.67775
1484,2023-05-09 00:55:00,0.67766,0.67777
1485,2023-05-09 00:55:00,0.67768,0.67779
1486,2023-05-09 00:55:01,0.67769,0.6778
1487,2023-05-09 00:55:01,0.6777,0.67781
1488,2023-05-09 00:55:02,0.67769,0.6778
1489,2023-05-09 00:55:02,0.67764,0.67775
1490,2023-05-09 00:55:03,0.67766,0.67777
1491,2023-05-09 00:55:03,0.67765,0.67776
1492,2023-05-09 00:55:05,0.67769,0.6778
1493,2023-05-09 00:55:05,0.67768,0.67779
1494,2023-05-09 00:55:07,0.67769,0.6778
1495,2023-05-09 00:55:09,0.6777,0.67781
1496,2023-05-09 00:55:11,0.67768,0.67779
1497,2023-05-09 00:55:12,0.67769,0.6778
1498,2023-05-09 00:55:17,0.6777,0.67781
1499,2023-05-09 00:55:19,0.67769,0.6778
1500,2023-05-09 00:55:20,0.6777,0.67781
1501,2023-05-09 00:55:20,0.67769,0.6778
1502,2023-05-09 00:55:21,0.6777,0.67781
1503,2023-05-09 00:55:26,0.67769,0.6778
1504,2023-05-09 00:55:27,0.6777,0.67781
1505,2023-05-09 00:55:30,0.67769,0.6778
1506,2023-05-09 00:55:31,0.67765,0.67776
1507,2023-05-09 00:55:33,0.67764,0.67775
1508,2023-05-09 00:55:35,0.67765,0.67776
1509,2023-05-09 00:55:36,0.67764,0.67775
1510,2023-05-09 00:55:39,0.67762,0.67773
1511,2023-05-09 00:55:39,0.67761,0.67772
1512,2023-05-09 00:55:40,0.6776,0.67771
1513,2023-05-09 00:55:41,0.67759,0.6777
1514,2023-05-09 00:55:41,0.67757,0.67768
1515,2023-05-09 00:55:41,0.67755,0.67766
1516,2023-05-09 00:55:42,0.67754,0.67765
1517,2023-05-09 00:55:44,0.67755,0.67766
1518,2023-05-09 00:55:47,0.67756,0.67767
1519,2023-05-09 00:55:47,0.67755,0.67766
1520,2023-05-09 00:55:48,0.67756,0.67767
1521,2023-05-09 00:55:51,0.67755,0.67766
1522,2023-05-09 00:55:52,0.67756,0.67767
1523,2023-05-09 00:55:52,0.67755,0.67766
1524,2023-05-09 00:56:00,0.67757,0.67768
1525,2023-05-09 00:56:00,0.67759,0.6777
1526,2023-05-09 00:56:00,0.67762,0.67773
1527,2023-05-09 00:56:01,0.67763,0.67774
1528,2023-05-09 00:56:01,0.67765,0.67776
1529,2023-05-09 00:56:03,0.67766,0.67777
1530,2023-05-09 00:56:05,0.67767,0.67778
1531,2023-05-09 00:56:06,0.67768,0.67779
1532,2023-05-09 00:56:06,0.67766,0.67777
1533,2023-05-09 00:56:07,0.67767,0.67778
1534,2023-05-09 00:56:12,0.67769,0.6778
1535,2023-05-09 00:56:12,0.6777,0.67781
1536,2023-05-09 00:56:13,0.67768,0.67779
1537,2023-05-09 00:56:15,0.67767,0.67778
1538,2023-05-09 00:56:16,0.67768,0.67779
1539,2023-05-09 00:56:16,0.67769,0.6778
1540,2023-05-09 00:56:17,0.6777,0.67781
1541,2023-05-09 00:56:21,0.67769,0.6778
1542,2023-05-09 00:56:21,0.6777,0.67781
1543,2023-05-09 00:56:24,0.67771,0.67782
1544,2023-05-09 00:56:24,0.6777,0.67781
1545,2023-05-09 00:56:27,0.67769,0.6778
1546,2023-05-09 00:56:27,0.6777,0.67781
1547,2023-05-09 00:56:28,0.67769,0.6778
1548,2023-05-09 00:56:28,0.6777,0.67781
1549,2023-05-09 00:56:31,0.67769,0.6778
1550,2023-05-09 00:56:32,0.6777,0.67781
1551,2023-05-09 00:56:33,0.67769,0.6778
1552,2023-05-09 00:56:33,0.6777,0.67781
1553,2023-05-09 00:56:34,0.67769,0.6778
1554,2023-05-09 00:56:35,0.6777,0.67781
1555,2023-05-09 00:56:35,0.67769,0.6778
1556,2023-05-09 00:56:40,0.6777,0.67781
1557,2023-05-09 00:56:41,0.67769,0.6778
1558,2023-05-09 00:56:41,0.6777,0.67781
1559,2023-05-09 00:56:42,0.67769,0.6778
1560,2023-05-09 00:56:42,0.6777,0.67781
1561,2023-05-09 00:56:43,0.67769,0.6778
1562,2023-05-09 00:56:43,0.6777,0.67781
1563,2023-05-09 00:56:45,0.67769,0.6778
1564,2023-05-09 00:56:47,0.67765,0.67776
1565,2023-05-09 00:56:47,0.67766,0.67777
1566,2023-05-09 00:56:48,0.67765,0.67776
1567,2023-05-09 00:56:51,0.67764,0.67775
1568,2023-05-09 00:56:51,0.67766,0.67777
1569,2023-05-09 00:56:52,0.67765,0.67776
1570,2023-05-09 00:56:52,0.67766,0.67777
1571,2023-05-09 00:56:53,0.67765,0.67776
1572,2023-05-09 00:56:55,0.67764,0.67775
1573,2023-05-09 00:56:56,0.67765,0.67776
1574,2023-05-09 00:57:00,0.67765,0.67776
1575,2023-05-09 00:57:00,0.67764,0.67775
1576,2023-05-09 00:57:00,0.67765,0.67776
1577,2023-05-09 00:57:03,0.67766,0.67777
1578,2023-05-09 00:57:03,0.67767,0.67778
1579,2023-05-09 00:57:04,0.67766,0.67777
1580,2023-05-09 00:57:04,0.67767,0.67778
1581,2023-05-09 00:57:11,0.67766,0.67777
1582,2023-05-09 00:57:11,0.67767,0.67778
1583,2023-05-09 00:57:14,0.67766,0.67777
1584,2023-05-09 00:57:14,0.67767,0.67778
1585,2023-05-09 00:57:20,0.67766,0.67777
1586,2023-05-09 00:57:21,0.67767,0.67778
1587,2023-05-09 00:57:23,0.67766,0.67777
1588,2023-05-09 00:57:26,0.67765,0.67776
1589,2023-05-09 00:57:28,0.67766,0.67777
1590,2023-05-09 00:57:29,0.67765,0.67776
1591,2023-05-09 00:57:29,0.67764,0.67775
1592,2023-05-09 00:57:32,0.67765,0.67776
1593,2023-05-09 00:57:34,0.67764,0.67775
1594,2023-05-09 00:57:35,0.67761,0.67772
1595,2023-05-09 00:57:39,0.6776,0.67771
1596,2023-05-09 00:57:40,0.67761,0.67772
1597,2023-05-09 00:57:41,0.6776,0.67771
1598,2023-05-09 00:57:41,0.67761,0.67772
1599,2023-05-09 00:57:41,0.6776,0.67771
1600,2023-05-09 00:57:47,0.67761,0.67772
1601,2023-05-09 00:57:47,0.6776,0.67771
1602,2023-05-09 00:57:50,0.67761,0.67772
1603,2023-05-09 00:57:50,0.67762,0.67773
1604,2023-05-09 00:57:51,0.67761,0.67772
1605,2023-05-09 00:57:57,0.67762,0.67773
1606,2023-05-09 00:58:00,0.67762,0.67773
1607,2023-05-09 00:58:00,0.67761,0.67772
1608,2023-05-09 00:58:00,0.6776,0.67771
1609,2023-05-09 00:58:01,0.67761,0.67772
1610,2023-05-09 00:58:02,0.6776,0.67771
1611,2023-05-09 00:58:10,0.67761,0.67772
1612,2023-05-09 00:58:11,0.67762,0.67773
1613,2023-05-09 00:58:17,0.67761,0.67772
1614,2023-05-09 00:58:18,0.6776,0.67771
1615,2023-05-09 00:58:19,0.67761,0.67772
1616,2023-05-09 00:58:19,0.6776,0.67771
1617,2023-05-09 00:58:22,0.67761,0.67772
1618,2023-05-09 00:58:22,0.6776,0.67771
1619,2023-05-09 00:58:26,0.67761,0.67772
1620,2023-05-09 00:58:27,0.6776,0.67771
1621,2023-05-09 00:58:32,0.67761,0.67772
1622,2023-05-09 00:58:32,0.6776,0.67771
1623,2023-05-09 00:58:36,0.67756,0.67767
1624,2023-05-09 00:58:37,0.67755,0.67766
1625,2023-05-09 00:58:42,0.67753,0.67764
1626,2023-05-09 00:58:42,0.67751,0.67762
1627,2023-05-09 00:58:42,0.6775,0.67761
1628,2023-05-09 00:58:49,0.67748,0.67759
1629,2023-05-09 00:58:50,0.67749,0.6776
1630,2023-05-09 00:58:50,0.67748,0.67759
1631,2023-05-09 00:58:51,0.67749,0.6776
1632,2023-05-09 00:58:51,0.6775,0.67761
1633,2023-05-09 00:58:51,0.67751,0.67762
1634,2023-05-09 00:58:52,0.6775,0.67761
1635,2023-05-09 00:58:53,0.67748,0.67759
1636,2023-05-09 00:58:54,0.67749,0.6776
1637,2023-05-09 00:58:59,0.67748,0.67759
1638,2023-05-09 00:59:00,0.67748,0.67759
1639,2023-05-09 00:59:00,0.67747,0.67758
1640,2023-05-09 00:59:01,0.67748,0.67759
1641,2023-05-09 00:59:04,0.67749,0.6776
1642,2023-05-09 00:59:06,0.67751,0.67762
1643,2023-05-09 00:59:07,0.67752,0.67763
1644,2023-05-09 00:59:09,0.67753,0.67764
1645,2023-05-09 00:59:09,0.67752,0.67763
1646,2023-05-09 00:59:13,0.67751,0.67762
1647,2023-05-09 00:59:15,0.67752,0.67763
1648,2023-05-09 00:59:16,0.67751,0.67762
1649,2023-05-09 00:59:17,0.67752,0.67763
1650,2023-05-09 00:59:21,0.6775,0.67761
1651,2023-05-09 00:59:21,0.67749,0.6776
1652,2023-05-09 00:59:23,0.6775,0.67761
1653,2023-05-09 00:59:23,0.67751,0.67762
1654,2023-05-09 00:59:24,0.6775,0.67761
1655,2023-05-09 00:59:37,0.67749,0.6776
1656,2023-05-09 00:59:38,0.67747,0.67758
1657,2023-05-09 00:59:38,0.67748,0.67759
1658,2023-05-09 00:59:40,0.67747,0.67758
1659,2023-05-09 00:59:41,0.67748,0.67759
1660,2023-05-09 00:59:42,0.67747,0.67758
1661,2023-05-09 00:59:45,0.67749,0.6776
1662,2023-05-09 00:59:45,0.67748,0.67759
1663,2023-05-09 00:59:51,0.67747,0.67758
1664,2023-05-09 00:59:53,0.67748,0.67759
1665,2023-05-09 00:59:59,0.67747,0.67758
1666,2023-05-09 01:00:00,0.67747,0.67758
1667,2023-05-09 01:00:00,0.67746,0.67757
1668,2023-05-09 01:00:00,0.67745,0.67756
1669,2023-05-09 01:00:01,0.67746,0.67757
1670,2023-05-09 01:00:16,0.67747,0.67758
1671,2023-05-09 01:00:18,0.67751,0.67762
1672,2023-05-09 01:00:20,0.67748,0.67759
1673,2023-05-09 01:00:23,0.6775,0.67761
1674,2023-05-09 01:00:28,0.67748,0.67759
1675,2023-05-09 01:00:31,0.67749,0.6776
1676,2023-05-09 01:00:33,0.67748,0.67759
1677,2023-05-09 01:00:34,0.67749,0.6776
1678,2023-05-09 01:00:37,0.67748,0.67759
1679,2023-05-09 01:00:38,0.6775,0.67761
1680,2023-05-09 01:01:00,0.6775,0.67761
1681,2023-05-09 01:01:00,0.67751,0.67762
1682,2023-05-09 01:01:00,0.67752,0.67763
1683,2023-05-09 01:01:02,0.67751,0.67762
1684,2023-05-09 01:01:02,0.6775,0.67761
1685,2023-05-09 01:01:07,0.67751,0.67762
1686,2023-05-09 01:01:07,0.6775,0.67761
1687,2023-05-09 01:01:10,0.67751,0.67762
1688,2023-05-09 01:01:16,0.67747,0.67758
1689,2023-05-09 01:01:16,0.67748,0.67759
1690,2023-05-09 01:01:18,0.67747,0.67758
1691,2023-05-09 01:01:18,0.67745,0.67756
1692,2023-05-09 01:01:28,0.67746,0.67757
1693,2023-05-09 01:01:31,0.67748,0.67759
1694,2023-05-09 01:01:31,0.67749,0.6776
1695,2023-05-09 01:01:31,0.6775,0.67761
1696,2023-05-09 01:01:38,0.67751,0.67762
1697,2023-05-09 01:01:49,0.67752,0.67763
1698,2023-05-09 01:01:49,0.67754,0.67765
1699,2023-05-09 01:02:00,0.67758,0.67769
1700,2023-05-09 01:02:00,0.67757,0.67768
1701,2023-05-09 01:02:01,0.67758,0.67769
1702,2023-05-09 01:02:01,0.6776,0.67771
1703,2023-05-09 01:02:17,0.67762,0.67773
1704,2023-05-09 01:02:18,0.6776,0.67771
1705,2023-05-09 01:02:23,0.67761,0.67772
1706,2023-05-09 01:02:25,0.67757,0.67768
1707,2023-05-09 01:02:27,0.67756,0.67767
1708,2023-05-09 01:02:28,0.67757,0.67768
1709,2023-05-09 01:02:33,0.67758,0.67769
1710,2023-05-09 01:02:33,0.67757,0.67768
1711,2023-05-09 01:02:37,0.67756,0.67767
1712,2023-05-09 01:02:42,0.67755,0.67766
1713,2023-05-09 01:02:43,0.67756,0.67767
1714,2023-05-09 01:02:47,0.67757,0.67768
1715,2023-05-09 01:03:00,0.67757,0.67768
1716,2023-05-09 01:03:17,0.67759,0.6777
1717,2023-05-09 01:03:19,0.67761,0.67772
1718,2023-05-09 01:03:26,0.67762,0.67773
1719,2023-05-09 01:03:29,0.67764,0.67775
1720,2023-05-09 01:03:30,0.67765,0.67776
1721,2023-05-09 01:03:35,0.67764,0.67775
1722,2023-05-09 01:03:48,0.67763,0.67774
1723,2023-05-09 01:03:49,0.67762,0.67773
1724,2023-05-09 01:03:52,0.67761,0.67772
1725,2023-05-09 01:03:59,0.67762,0.67773
1726,2023-05-09 01:04:00,0.67763,0.67774
1727,2023-05-09 01:04:00,0.67765,0.67776
1728,2023-05-09 01:04:02,0.67764,0.67775
1729,2023-05-09 01:04:03,0.67763,0.67774
1730,2023-05-09 01:04:04,0.67764,0.67775
1731,2023-05-09 01:04:06,0.67762,0.67773
1732,2023-05-09 01:04:07,0.67763,0.67774
1733,2023-05-09 01:04:12,0.67764,0.67775
1734,2023-05-09 01:04:16,0.67766,0.67777
1735,2023-05-09 01:04:26,0.67768,0.67779
1736,2023-05-09 01:04:32,0.67767,0.67778
1737,2023-05-09 01:04:39,0.67769,0.6778
1738,2023-05-09 01:04:39,0.67768,0.67779
1739,2023-05-09 01:04:40,0.67769,0.6778
1740,2023-05-09 01:04:41,0.6777,0.67781
1741,2023-05-09 01:04:42,0.67771,0.67782
1742,2023-05-09 01:04:44,0.67773,0.67784
1743,2023-05-09 01:04:48,0.67774,0.67785
1744,2023-05-09 01:04:49,0.67773,0.67784
1745,2023-05-09 01:04:59,0.67772,0.67783
1746,2023-05-09 01:05:00,0.67772,0.67783
1747,2023-05-09 01:05:02,0.67771,0.67782
1748,2023-05-09 01:05:07,0.6777,0.67781
1749,2023-05-09 01:05:07,0.67769,0.6778
1750,2023-05-09 01:05:08,0.67767,0.67778
1751,2023-05-09 01:05:08,0.67765,0.67776
1752,2023-05-09 01:05:09,0.67766,0.67777
1753,2023-05-09 01:05:15,0.67767,0.67778
1754,2023-05-09 01:05:16,0.67768,0.67779
1755,2023-05-09 01:05:17,0.67769,0.6778
1756,2023-05-09 01:05:19,0.67772,0.67783
1757,2023-05-09 01:05:20,0.67771,0.67782
1758,2023-05-09 01:05:30,0.6777,0.67781
1759,2023-05-09 01:05:44,0.67772,0.67783
1760,2023-05-09 01:05:48,0.67773,0.67784
1761,2023-05-09 01:05:49,0.67774,0.67785
1762,2023-05-09 01:05:59,0.67772,0.67783
1763,2023-05-09 01:06:00,0.67772,0.67783
1764,2023-05-09 01:06:00,0.67773,0.67784
1765,2023-05-09 01:06:01,0.67774,0.67785
1766,2023-05-09 01:06:01,0.67773,0.67784
1767,2023-05-09 01:06:01,0.67772,0.67783
1768,2023-05-09 01:06:03,0.67771,0.67782
1769,2023-05-09 01:06:07,0.67769,0.6778
1770,2023-05-09 01:06:07,0.67771,0.67782
1771,2023-05-09 01:06:07,0.6777,0.67781
1772,2023-05-09 01:06:07,0.67771,0.67782
1773,2023-05-09 01:06:11,0.6777,0.67781
1774,2023-05-09 01:06:19,0.67771,0.67782
1775,2023-05-09 01:06:25,0.6777,0.67781
1776,2023-05-09 01:06:27,0.67767,0.67778
1777,2023-05-09 01:06:30,0.67768,0.67779
1778,2023-05-09 01:06:30,0.67769,0.6778
1779,2023-05-09 01:06:33,0.67767,0.67778
1780,2023-05-09 01:06:36,0.67766,0.67777
1781,2023-05-09 01:06:37,0.67765,0.67776
1782,2023-05-09 01:06:54,0.67766,0.67777
1783,2023-05-09 01:06:55,0.67765,0.67776
1784,2023-05-09 01:07:00,0.67765,0.67776
1785,2023-05-09 01:07:14,0.67763,0.67774
1786,2023-05-09 01:07:14,0.67761,0.67772
1787,2023-05-09 01:07:15,0.6776,0.67771
1788,2023-05-09 01:07:17,0.67758,0.67769
1789,2023-05-09 01:07:18,0.67757,0.67768
1790,2023-05-09 01:07:19,0.67755,0.67766
1791,2023-05-09 01:07:23,0.67756,0.67767
1792,2023-05-09 01:07:24,0.6776,0.67771
1793,2023-05-09 01:07:25,0.67762,0.67773
1794,2023-05-09 01:07:28,0.67763,0.67774
1795,2023-05-09 01:07:30,0.67762,0.67773
1796,2023-05-09 01:07:30,0.67763,0.67774
1797,2023-05-09 01:07:33,0.67762,0.67773
1798,2023-05-09 01:07:48,0.67763,0.67774
1799,2023-05-09 01:07:51,0.67762,0.67773
1800,2023-05-09 01:07:54,0.67761,0.67772
1801,2023-05-09 01:08:00,0.67761,0.67772
1802,2023-05-09 01:08:01,0.67757,0.67768
1803,2023-05-09 01:08:01,0.67758,0.67769
1804,2023-05-09 01:08:02,0.67759,0.6777
1805,2023-05-09 01:08:02,0.67758,0.67769
1806,2023-05-09 01:08:06,0.67757,0.67768
1807,2023-05-09 01:08:08,0.67756,0.67767
1808,2023-05-09 01:08:08,0.67755,0.67766
1809,2023-05-09 01:08:14,0.67752,0.67763
1810,2023-05-09 01:08:15,0.67751,0.67762
1811,2023-05-09 01:08:16,0.67752,0.67763
1812,2023-05-09 01:08:16,0.67753,0.67764
1813,2023-05-09 01:08:17,0.67752,0.67763
1814,2023-05-09 01:08:17,0.67751,0.67762
1815,2023-05-09 01:08:20,0.67752,0.67763
1816,2023-05-09 01:08:20,0.67751,0.67762
1817,2023-05-09 01:08:29,0.67752,0.67763
1818,2023-05-09 01:08:30,0.67748,0.67759
1819,2023-05-09 01:08:32,0.67749,0.6776
1820,2023-05-09 01:08:33,0.6775,0.67761
1821,2023-05-09 01:08:35,0.67751,0.67762
1822,2023-05-09 01:08:44,0.6775,0.67761
1823,2023-05-09 01:08:44,0.67751,0.67762
1824,2023-05-09 01:08:47,0.67749,0.6776
1825,2023-05-09 01:08:48,0.6775,0.67761
1826,2023-05-09 01:08:55,0.67751,0.67762
1827,2023-05-09 01:08:58,0.6775,0.67761
1828,2023-05-09 01:08:58,0.67749,0.6776
1829,2023-05-09 01:08:59,0.6775,0.67761
1830,2023-05-09 01:09:00,0.6775,0.67761
1831,2023-05-09 01:09:04,0.67751,0.67762
1832,2023-05-09 01:09:06,0.67753,0.67764
1833,2023-05-09 01:09:09,0.67757,0.67768
1834,2023-05-09 01:09:10,0.6776,0.67771
1835,2023-05-09 01:09:10,0.67762,0.67773
1836,2023-05-09 01:09:12,0.67763,0.67774
1837,2023-05-09 01:09:18,0.67762,0.67773
1838,2023-05-09 01:09:21,0.67766,0.67777
1839,2023-05-09 01:09:28,0.67767,0.67778
1840,2023-05-09 01:09:29,0.67766,0.67777
1841,2023-05-09 01:09:40,0.67767,0.67778
1842,2023-05-09 01:09:42,0.67766,0.67777
1843,2023-05-09 01:09:52,0.67767,0.67778
1844,2023-05-09 01:09:54,0.67766,0.67777
1845,2023-05-09 01:09:55,0.67767,0.67778
1846,2023-05-09 01:09:57,0.67766,0.67777
1847,2023-05-09 01:09:57,0.67767,0.67778
1848,2023-05-09 01:09:57,0.67769,0.6778
1849,2023-05-09 01:09:58,0.67771,0.67782
1850,2023-05-09 01:09:59,0.67772,0.67783
1851,2023-05-09 01:10:00,0.67772,0.67783
1852,2023-05-09 01:10:11,0.67775,0.67786
1853,2023-05-09 01:10:12,0.67776,0.67787
1854,2023-05-09 01:10:14,0.67775,0.67786
1855,2023-05-09 01:10:19,0.67771,0.67782
1856,2023-05-09 01:10:19,0.6777,0.67781
1857,2023-05-09 01:10:20,0.67768,0.67779
1858,2023-05-09 01:10:20,0.67766,0.67777
1859,2023-05-09 01:10:21,0.67765,0.67776
1860,2023-05-09 01:10:22,0.67764,0.67775
1861,2023-05-09 01:10:27,0.67765,0.67776
1862,2023-05-09 01:10:29,0.67768,0.67779
1863,2023-05-09 01:10:29,0.67769,0.6778
1864,2023-05-09 01:10:31,0.67766,0.67777
1865,2023-05-09 01:10:32,0.67767,0.67778
1866,2023-05-09 01:10:34,0.67765,0.67776
1867,2023-05-09 01:10:35,0.67766,0.67777
1868,2023-05-09 01:10:35,0.67765,0.67776
1869,2023-05-09 01:10:36,0.67766,0.67777
1870,2023-05-09 01:10:37,0.67765,0.67776
1871,2023-05-09 01:10:40,0.67764,0.67775
1872,2023-05-09 01:10:50,0.67766,0.67777
1873,2023-05-09 01:10:50,0.67765,0.67776
1874,2023-05-09 01:10:50,0.67766,0.67777
1875,2023-05-09 01:10:50,0.67768,0.67779
1876,2023-05-09 01:10:51,0.67767,0.67778
1877,2023-05-09 01:10:52,0.67768,0.67779
1878,2023-05-09 01:10:52,0.67767,0.67778
1879,2023-05-09 01:10:55,0.67768,0.67779
1880,2023-05-09 01:10:56,0.67769,0.6778
1881,2023-05-09 01:10:56,0.67768,0.67779
1882,2023-05-09 01:10:56,0.67769,0.6778
1883,2023-05-09 01:10:57,0.67768,0.67779
1884,2023-05-09 01:10:58,0.67769,0.6778
1885,2023-05-09 01:10:59,0.67768,0.67779
1886,2023-05-09 01:11:00,0.67768,0.67779
1887,2023-05-09 01:11:02,0.67769,0.6778
1888,2023-05-09 01:11:03,0.6777,0.67781
1889,2023-05-09 01:11:04,0.67769,0.6778
1890,2023-05-09 01:11:06,0.6777,0.67781
1891,2023-05-09 01:11:08,0.67772,0.67783
1892,2023-05-09 01:11:10,0.6777,0.67781
1893,2023-05-09 01:11:17,0.67771,0.67782
1894,2023-05-09 01:11:17,0.6777,0.67781
1895,2023-05-09 01:11:18,0.67771,0.67782
1896,2023-05-09 01:11:18,0.6777,0.67781
1897,2023-05-09 01:11:20,0.67771,0.67782
1898,2023-05-09 01:11:21,0.67773,0.67784
1899,2023-05-09 01:11:22,0.67774,0.67785
1900,2023-05-09 01:11:28,0.67775,0.67786
1901,2023-05-09 01:11:42,0.6777,0.67781
1902,2023-05-09 01:11:43,0.67769,0.6778
1903,2023-05-09 01:11:47,0.67768,0.67779
1904,2023-05-09 01:11:49,0.67769,0.6778
1905,2023-05-09 01:11:50,0.6777,0.67781
1906,2023-05-09 01:12:00,0.6777,0.67781
1907,2023-05-09 01:12:02,0.67773,0.67784
1908,2023-05-09 01:12:02,0.67774,0.67785
1909,2023-05-09 01:12:21,0.67776,0.67787
1910,2023-05-09 01:12:22,0.67775,0.67786
1911,2023-05-09 01:12:23,0.67776,0.67787
1912,2023-05-09 01:12:23,0.67775,0.67786
1913,2023-05-09 01:12:24,0.67776,0.67787
1914,2023-05-09 01:12:27,0.67777,0.67788
1915,2023-05-09 01:12:27,0.67776,0.67787
1916,2023-05-09 01:12:29,0.67777,0.67788
1917,2023-05-09 01:12:29,0.67776,0.67787
1918,2023-05-09 01:12:30,0.67775,0.67786
1919,2023-05-09 01:12:41,0.67776,0.67787
1920,2023-05-09 01:12:43,0.67777,0.67788
1921,2023-05-09 01:12:44,0.67779,0.6779
1922,2023-05-09 01:12:44,0.6778,0.67791
1923,2023-05-09 01:13:00,0.6778,0.67791
1924,2023-05-09 01:13:07,0.67781,0.67792
1925,2023-05-09 01:13:14,0.67786,0.67797
1926,2023-05-09 01:13:22,0.67782,0.67793
1927,2023-05-09 01:13:24,0.67783,0.67794
1928,2023-05-09 01:13:24,0.67785,0.67796
1929,2023-05-09 01:13:31,0.67786,0.67797
1930,2023-05-09 01:13:31,0.67788,0.67799
1931,2023-05-09 01:13:32,0.67787,0.67798
1932,2023-05-09 01:13:41,0.67791,0.67802
1933,2023-05-09 01:13:41,0.67794,0.67805
1934,2023-05-09 01:13:42,0.67793,0.67804
1935,2023-05-09 01:13:43,0.67792,0.67803
1936,2023-05-09 01:13:43,0.67791,0.67802
1937,2023-05-09 01:13:44,0.67792,0.67803
1938,2023-05-09 01:13:45,0.67791,0.67802
1939,2023-05-09 01:13:46,0.67796,0.67807
1940,2023-05-09 01:13:49,0.67795,0.67806
1941,2023-05-09 01:13:52,0.67796,0.67807
1942,2023-05-09 01:13:53,0.67797,0.67808
1943,2023-05-09 01:13:56,0.67799,0.6781
1944,2023-05-09 01:13:57,0.67798,0.67809
1945,2023-05-09 01:13:57,0.67799,0.6781
1946,2023-05-09 01:14:00,0.678,0.67811
1947,2023-05-09 01:14:02,0.67801,0.67812
1948,2023-05-09 01:14:09,0.67803,0.67814
1949,2023-05-09 01:14:10,0.67802,0.67813
1950,2023-05-09 01:14:11,0.67801,0.67812
1951,2023-05-09 01:14:13,0.67802,0.67813
1952,2023-05-09 01:14:13,0.67801,0.67812
1953,2023-05-09 01:14:16,0.67802,0.67813
1954,2023-05-09 01:14:18,0.67801,0.67812
1955,2023-05-09 01:14:18,0.67804,0.67815
1956,2023-05-09 01:14:19,0.67805,0.67816
1957,2023-05-09 01:14:20,0.67803,0.67814
1958,2023-05-09 01:14:20,0.67802,0.67813
1959,2023-05-09 01:14:25,0.67797,0.67808
1960,2023-05-09 01:14:29,0.67798,0.67809
1961,2023-05-09 01:14:31,0.67799,0.6781
1962,2023-05-09 01:14:32,0.678,0.67811
1963,2023-05-09 01:14:32,0.67801,0.67812
1964,2023-05-09 01:14:32,0.67802,0.67813
1965,2023-05-09 01:14:44,0.67803,0.67814
1966,2023-05-09 01:14:44,0.67805,0.67816
1967,2023-05-09 01:14:44,0.67803,0.67814
1968,2023-05-09 01:14:45,0.67804,0.67815
1969,2023-05-09 01:14:45,0.67803,0.67814
1970,2023-05-09 01:14:45,0.67802,0.67813
1971,2023-05-09 01:14:46,0.67801,0.67812
1972,2023-05-09 01:14:52,0.67802,0.67813
1973,2023-05-09 01:14:56,0.67798,0.67809
1974,2023-05-09 01:15:00,0.67801,0.67812
1975,2023-05-09 01:15:00,0.67802,0.67813
1976,2023-05-09 01:15:00,0.67801,0.67812
1977,2023-05-09 01:15:02,0.67798,0.67809
1978,2023-05-09 01:15:02,0.678,0.67811
1979,2023-05-09 01:15:04,0.67804,0.67815
1980,2023-05-09 01:15:05,0.67805,0.67816
1981,2023-05-09 01:15:07,0.67806,0.67817
1982,2023-05-09 01:15:08,0.67805,0.67816
1983,2023-05-09 01:15:09,0.67806,0.67817
1984,2023-05-09 01:15:11,0.67805,0.67816
1985,2023-05-09 01:15:12,0.67807,0.67818
1986,2023-05-09 01:15:13,0.67812,0.67823
1987,2023-05-09 01:15:13,0.67811,0.67822
1988,2023-05-09 01:15:14,0.6781,0.67821
1989,2023-05-09 01:15:15,0.67811,0.67822
1990,2023-05-09 01:15:15,0.67814,0.67825
1991,2023-05-09 01:15:15,0.67816,0.67827
1992,2023-05-09 01:15:17,0.67815,0.67826
1993,2023-05-09 01:15:21,0.67813,0.67824
1994,2023-05-09 01:15:21,0.67814,0.67825
1995,2023-05-09 01:15:21,0.67815,0.67826
1996,2023-05-09 01:15:22,0.67814,0.67825
1997,2023-05-09 01:15:23,0.67812,0.67823
1998,2023-05-09 01:15:25,0.67811,0.67822
1999,2023-05-09 01:15:27,0.67812,0.67823
2000,2023-05-09 01:15:28,0.67811,0.67822
2001,2023-05-09 01:15:30,0.6781,0.67821
2002,2023-05-09 01:15:30,0.67806,0.67817
2003,2023-05-09 01:15:31,0.67809,0.6782
2004,2023-05-09 01:15:35,0.6781,0.67821
2005,2023-05-09 01:15:36,0.67809,0.6782
2006,2023-05-09 01:15:38,0.67808,0.67819
2007,2023-05-09 01:15:39,0.6781,0.67821
2008,2023-05-09 01:15:41,0.67806,0.67817
2009,2023-05-09 01:15:43,0.67805,0.67816
2010,2023-05-09 01:15:43,0.67806,0.67817
2011,2023-05-09 01:15:45,0.67809,0.6782
2012,2023-05-09 01:15:47,0.67808,0.67819
2013,2023-05-09 01:15:47,0.67809,0.6782
2014,2023-05-09 01:15:49,0.6781,0.67821
2015,2023-05-09 01:15:51,0.67809,0.6782
2016,2023-05-09 01:15:52,0.67811,0.67822
2017,2023-05-09 01:15:54,0.67812,0.67823
2018,2023-05-09 01:15:55,0.67811,0.67822
2019,2023-05-09 01:15:56,0.67809,0.6782
2020,2023-05-09 01:15:56,0.67806,0.67817
2021,2023-05-09 01:15:57,0.67805,0.67816
2022,2023-05-09 01:15:59,0.67806,0.67817
2023,2023-05-09 01:15:59,0.67805,0.67816
2024,2023-05-09 01:16:00,0.67805,0.67816
2025,2023-05-09 01:16:00,0.67804,0.67815
2026,2023-05-09 01:16:01,0.67801,0.67812
2027,2023-05-09 01:16:02,0.678,0.67811
2028,2023-05-09 01:16:03,0.67795,0.67806
2029,2023-05-09 01:16:03,0.67796,0.67807
2030,2023-05-09 01:16:04,0.67795,0.67806
2031,2023-05-09 01:16:04,0.67797,0.67808
2032,2023-05-09 01:16:05,0.67796,0.67807
2033,2023-05-09 01:16:05,0.67798,0.67809
2034,2023-05-09 01:16:06,0.67799,0.6781
2035,2023-05-09 01:16:08,0.678,0.67811
2036,2023-05-09 01:16:08,0.67802,0.67813
2037,2023-05-09 01:16:09,0.67803,0.67814
2038,2023-05-09 01:16:11,0.67802,0.67813
2039,2023-05-09 01:16:11,0.67805,0.67816
2040,2023-05-09 01:16:14,0.67806,0.67817
2041,2023-05-09 01:16:14,0.67805,0.67816
2042,2023-05-09 01:16:17,0.67804,0.67815
2043,2023-05-09 01:16:17,0.67801,0.67812
2044,2023-05-09 01:16:19,0.67802,0.67813
2045,2023-05-09 01:16:20,0.67803,0.67814
2046,2023-05-09 01:16:21,0.67801,0.67812
2047,2023-05-09 01:16:22,0.67803,0.67814
2048,2023-05-09 01:16:25,0.67804,0.67815
2049,2023-05-09 01:16:26,0.67803,0.67814
2050,2023-05-09 01:16:26,0.67801,0.67812
2051,2023-05-09 01:16:27,0.67802,0.67813
2052,2023-05-09 01:16:27,0.678,0.67811
2053,2023-05-09 01:16:28,0.67801,0.67812
2054,2023-05-09 01:16:28,0.67799,0.6781
2055,2023-05-09 01:16:29,0.67801,0.67812
2056,2023-05-09 01:16:30,0.67802,0.67813
2057,2023-05-09 01:16:32,0.67804,0.67815
2058,2023-05-09 01:16:32,0.67805,0.67816
2059,2023-05-09 01:16:34,0.67804,0.67815
2060,2023-05-09 01:16:35,0.67805,0.67816
2061,2023-05-09 01:16:39,0.67804,0.67815
2062,2023-05-09 01:16:40,0.67803,0.67814
2063,2023-05-09 01:16:40,0.67804,0.67815
2064,2023-05-09 01:16:43,0.67803,0.67814
2065,2023-05-09 01:16:43,0.67801,0.67812
2066,2023-05-09 01:16:44,0.67802,0.67813
2067,2023-05-09 01:16:44,0.678,0.67811
2068,2023-05-09 01:16:47,0.67797,0.67808
2069,2023-05-09 01:16:47,0.67803,0.67814
2070,2023-05-09 01:16:48,0.678,0.67811
2071,2023-05-09 01:16:49,0.67801,0.67812
2072,2023-05-09 01:16:49,0.67802,0.67813
2073,2023-05-09 01:16:50,0.67801,0.67812
2074,2023-05-09 01:16:50,0.67802,0.67813
2075,2023-05-09 01:16:51,0.67803,0.67814
2076,2023-05-09 01:16:53,0.67801,0.67812
2077,2023-05-09 01:16:56,0.678,0.67811
2078,2023-05-09 01:16:57,0.67799,0.6781
2079,2023-05-09 01:16:57,0.67796,0.67807
2080,2023-05-09 01:16:59,0.67797,0.67808
2081,2023-05-09 01:16:59,0.67796,0.67807
2082,2023-05-09 01:16:59,0.67795,0.67806
2083,2023-05-09 01:17:00,0.67795,0.67806
2084,2023-05-09 01:17:00,0.67794,0.67805
2085,2023-05-09 01:17:00,0.67795,0.67806
2086,2023-05-09 01:17:01,0.67799,0.6781
2087,2023-05-09 01:17:04,0.678,0.67811
2088,2023-05-09 01:17:06,0.67799,0.6781
2089,2023-05-09 01:17:10,0.678,0.67811
2090,2023-05-09 01:17:10,0.67803,0.67814
2091,2023-05-09 01:17:11,0.67804,0.67815
2092,2023-05-09 01:17:14,0.67801,0.67812
2093,2023-05-09 01:17:14,0.67802,0.67813
2094,2023-05-09 01:17:14,0.67803,0.67814
2095,2023-05-09 01:17:15,0.67802,0.67813
2096,2023-05-09 01:17:16,0.67803,0.67814
2097,2023-05-09 01:17:16,0.678,0.67811
2098,2023-05-09 01:17:21,0.67799,0.6781
2099,2023-05-09 01:17:22,0.678,0.67811
2100,2023-05-09 01:17:23,0.67799,0.6781
2101,2023-05-09 01:17:25,0.678,0.67811
2102,2023-05-09 01:17:28,0.67796,0.67807
2103,2023-05-09 01:17:28,0.67797,0.67808
2104,2023-05-09 01:17:28,0.67799,0.6781
2105,2023-05-09 01:17:30,0.67798,0.67809
2106,2023-05-09 01:17:31,0.67799,0.6781
2107,2023-05-09 01:17:31,0.67798,0.67809
2108,2023-05-09 01:17:33,0.67799,0.6781
2109,2023-05-09 01:17:33,0.678,0.67811
2110,2023-05-09 01:17:35,0.67799,0.6781
2111,2023-05-09 01:17:36,0.67798,0.67809
2112,2023-05-09 01:17:36,0.67797,0.67808
2113,2023-05-09 01:17:37,0.67796,0.67807
2114,2023-05-09 01:17:37,0.67797,0.67808
2115,2023-05-09 01:17:38,0.67798,0.67809
2116,2023-05-09 01:17:40,0.67799,0.6781
2117,2023-05-09 01:17:40,0.67798,0.67809
2118,2023-05-09 01:17:41,0.67796,0.67807
2119,2023-05-09 01:17:42,0.67797,0.67808
2120,2023-05-09 01:17:43,0.67798,0.67809
2121,2023-05-09 01:17:43,0.67797,0.67808
2122,2023-05-09 01:17:43,0.67795,0.67806
2123,2023-05-09 01:17:44,0.67796,0.67807
2124,2023-05-09 01:17:48,0.67798,0.67809
2125,2023-05-09 01:17:50,0.67796,0.67807
2126,2023-05-09 01:17:52,0.67798,0.67809
2127,2023-05-09 01:17:53,0.67799,0.6781
2128,2023-05-09 01:17:54,0.67798,0.67809
2129,2023-05-09 01:17:55,0.67799,0.6781
2130,2023-05-09 01:17:56,0.67798,0.67809
2131,2023-05-09 01:17:57,0.67799,0.6781
2132,2023-05-09 01:17:58,0.678,0.67811
2133,2023-05-09 01:17:59,0.67799,0.6781
2134,2023-05-09 01:17:59,0.67798,0.67809
2135,2023-05-09 01:18:00,0.67798,0.67809
2136,2023-05-09 01:18:01,0.67799,0.6781
2137,2023-05-09 01:18:04,0.678,0.67811
2138,2023-05-09 01:18:06,0.67797,0.67808
2139,2023-05-09 01:18:06,0.67796,0.67807
2140,2023-05-09 01:18:07,0.67797,0.67808
2141,2023-05-09 01:18:09,0.67793,0.67804
2142,2023-05-09 01:18:09,0.6779,0.67801
2143,2023-05-09 01:18:10,0.67788,0.67799
2144,2023-05-09 01:18:13,0.67786,0.67797
2145,2023-05-09 01:18:14,0.67787,0.67798
2146,2023-05-09 01:18:14,0.67788,0.67799
2147,2023-05-09 01:18:17,0.67789,0.678
2148,2023-05-09 01:18:18,0.67788,0.67799
2149,2023-05-09 01:18:18,0.6779,0.67801
2150,2023-05-09 01:18:22,0.67789,0.678
2151,2023-05-09 01:18:24,0.67788,0.67799
2152,2023-05-09 01:18:26,0.67789,0.678
2153,2023-05-09 01:18:28,0.67788,0.67799
2154,2023-05-09 01:18:29,0.67789,0.678
2155,2023-05-09 01:18:32,0.6779,0.67801
2156,2023-05-09 01:18:35,0.67789,0.678
2157,2023-05-09 01:18:38,0.67788,0.67799
2158,2023-05-09 01:18:38,0.67789,0.678
2159,2023-05-09 01:18:39,0.67787,0.67798
2160,2023-05-09 01:18:40,0.67788,0.67799
2161,2023-05-09 01:18:47,0.67789,0.678
2162,2023-05-09 01:18:49,0.67788,0.67799
2163,2023-05-09 01:18:55,0.67789,0.678
2164,2023-05-09 01:18:56,0.67788,0.67799
2165,2023-05-09 01:18:59,0.67789,0.678
2166,2023-05-09 01:18:59,0.67788,0.67799
2167,2023-05-09 01:19:00,0.67787,0.67798
2168,2023-05-09 01:19:00,0.67788,0.67799
2169,2023-05-09 01:19:00,0.67787,0.67798
2170,2023-05-09 01:19:04,0.67785,0.67796
2171,2023-05-09 01:19:06,0.67787,0.67798
2172,2023-05-09 01:19:06,0.67788,0.67799
2173,2023-05-09 01:19:09,0.67785,0.67796
2174,2023-05-09 01:19:13,0.67784,0.67795
2175,2023-05-09 01:19:16,0.67782,0.67793
2176,2023-05-09 01:19:17,0.67785,0.67796
2177,2023-05-09 01:19:18,0.67787,0.67798
2178,2023-05-09 01:19:18,0.67785,0.67796
2179,2023-05-09 01:19:19,0.67784,0.67795
2180,2023-05-09 01:19:20,0.67785,0.67796
2181,2023-05-09 01:19:21,0.67786,0.67797
2182,2023-05-09 01:19:21,0.67785,0.67796
2183,2023-05-09 01:19:21,0.67786,0.67797
2184,2023-05-09 01:19:22,0.67785,0.67796
2185,2023-05-09 01:19:22,0.67786,0.67797
2186,2023-05-09 01:19:25,0.67785,0.67796
2187,2023-05-09 01:19:26,0.67784,0.67795
2188,2023-05-09 01:19:27,0.67785,0.67796
2189,2023-05-09 01:19:30,0.67787,0.67798
2190,2023-05-09 01:19:31,0.67786,0.67797
2191,2023-05-09 01:19:35,0.67785,0.67796
2192,2023-05-09 01:19:36,0.67784,0.67795
2193,2023-05-09 01:19:37,0.67783,0.67794
2194,2023-05-09 01:19:47,0.67782,0.67793
2195,2023-05-09 01:19:48,0.67779,0.6779
2196,2023-05-09 01:19:48,0.67778,0.67789
2197,2023-05-09 01:19:48,0.67777,0.67788
2198,2023-05-09 01:19:49,0.67776,0.67787
2199,2023-05-09 01:19:49,0.67774,0.67785
2200,2023-05-09 01:19:50,0.67775,0.67786
2201,2023-05-09 01:19:52,0.67777,0.67788
2202,2023-05-09 01:19:53,0.67778,0.67789
2203,2023-05-09 01:19:54,0.67779,0.6779
2204,2023-05-09 01:19:55,0.67778,0.67789
2205,2023-05-09 01:19:57,0.67779,0.6779
2206,2023-05-09 01:19:58,0.67778,0.67789
2207,2023-05-09 01:19:59,0.67779,0.6779
2208,2023-05-09 01:20:00,0.67778,0.67789
2209,2023-05-09 01:20:01,0.67779,0.6779
2210,2023-05-09 01:20:01,0.67778,0.67789
2211,2023-05-09 01:20:03,0.67775,0.67786
2212,2023-05-09 01:20:04,0.67774,0.67785
2213,2023-05-09 01:20:05,0.67775,0.67786
2214,2023-05-09 01:20:06,0.67777,0.67788
2215,2023-05-09 01:20:09,0.67778,0.67789
2216,2023-05-09 01:20:12,0.67779,0.6779
2217,2023-05-09 01:20:14,0.6778,0.67791
2218,2023-05-09 01:20:15,0.67779,0.6779
2219,2023-05-09 01:20:16,0.6778,0.67791
2220,2023-05-09 01:20:17,0.67779,0.6779
2221,2023-05-09 01:20:18,0.6778,0.67791
2222,2023-05-09 01:20:19,0.67779,0.6779
2223,2023-05-09 01:20:20,0.67778,0.67789
2224,2023-05-09 01:20:20,0.6778,0.67791
2225,2023-05-09 01:20:23,0.67779,0.6779
2226,2023-05-09 01:20:26,0.67778,0.67789
2227,2023-05-09 01:20:27,0.67779,0.6779
2228,2023-05-09 01:20:27,0.6778,0.67791
2229,2023-05-09 01:20:28,0.67779,0.6779
2230,2023-05-09 01:20:33,0.67778,0.67789
2231,2023-05-09 01:20:34,0.67776,0.67787
2232,2023-05-09 01:20:34,0.67774,0.67785
2233,2023-05-09 01:20:34,0.67775,0.67786
2234,2023-05-09 01:20:35,0.67774,0.67785
2235,2023-05-09 01:20:38,0.67775,0.67786
2236,2023-05-09 01:20:41,0.6777,0.67781
2237,2023-05-09 01:20:42,0.67769,0.6778
2238,2023-05-09 01:20:42,0.67768,0.67779
2239,2023-05-09 01:20:43,0.67769,0.6778
2240,2023-05-09 01:20:44,0.67768,0.67779
2241,2023-05-09 01:20:44,0.67767,0.67778
2242,2023-05-09 01:20:44,0.67768,0.67779
2243,2023-05-09 01:20:48,0.6777,0.67781
2244,2023-05-09 01:20:49,0.67771,0.67782
2245,2023-05-09 01:20:52,0.6777,0.67781
2246,2023-05-09 01:20:53,0.67771,0.67782
2247,2023-05-09 01:20:56,0.67772,0.67783
2248,2023-05-09 01:20:56,0.67771,0.67782
2249,2023-05-09 01:20:57,0.6777,0.67781
2250,2023-05-09 01:20:59,0.67771,0.67782
2251,2023-05-09 01:21:00,0.67772,0.67783
2252,2023-05-09 01:21:00,0.67773,0.67784
2253,2023-05-09 01:21:00,0.67772,0.67783
2254,2023-05-09 01:21:01,0.67773,0.67784
2255,2023-05-09 01:21:03,0.67774,0.67785
2256,2023-05-09 01:21:08,0.67773,0.67784
2257,2023-05-09 01:21:10,0.67766,0.67777
2258,2023-05-09 01:21:10,0.67767,0.67778
2259,2023-05-09 01:21:15,0.67764,0.67775
2260,2023-05-09 01:21:17,0.67763,0.67774
2261,2023-05-09 01:21:17,0.67765,0.67776
2262,2023-05-09 01:21:18,0.67764,0.67775
2263,2023-05-09 01:21:19,0.67765,0.67776
2264,2023-05-09 01:21:23,0.67764,0.67775
2265,2023-05-09 01:21:24,0.67765,0.67776
2266,2023-05-09 01:21:25,0.67764,0.67775
2267,2023-05-09 01:21:26,0.67765,0.67776
2268,2023-05-09 01:21:26,0.67764,0.67775
2269,2023-05-09 01:21:27,0.67763,0.67774
2270,2023-05-09 01:21:28,0.67764,0.67775
2271,2023-05-09 01:21:29,0.67763,0.67774
2272,2023-05-09 01:21:30,0.67764,0.67775
2273,2023-05-09 01:21:31,0.67763,0.67774
2274,2023-05-09 01:21:33,0.67764,0.67775
2275,2023-05-09 01:21:34,0.67766,0.67777
2276,2023-05-09 01:21:34,0.67765,0.67776
2277,2023-05-09 01:21:36,0.67764,0.67775
2278,2023-05-09 01:21:36,0.67765,0.67776
2279,2023-05-09 01:21:38,0.67766,0.67777
2280,2023-05-09 01:21:39,0.67765,0.67776
2281,2023-05-09 01:21:43,0.67766,0.67777
2282,2023-05-09 01:21:43,0.67764,0.67775
2283,2023-05-09 01:21:43,0.67763,0.67774
2284,2023-05-09 01:21:43,0.67764,0.67775
2285,2023-05-09 01:21:49,0.67765,0.67776
2286,2023-05-09 01:21:51,0.67764,0.67775
2287,2023-05-09 01:21:51,0.67763,0.67774
2288,2023-05-09 01:21:52,0.67764,0.67775
2289,2023-05-09 01:21:52,0.67763,0.67774
2290,2023-05-09 01:21:54,0.67766,0.67777
2291,2023-05-09 01:21:55,0.67765,0.67776
2292,2023-05-09 01:21:55,0.67764,0.67775
2293,2023-05-09 01:21:58,0.67765,0.67776
2294,2023-05-09 01:21:59,0.67764,0.67775
2295,2023-05-09 01:22:00,0.67764,0.67775
2296,2023-05-09 01:22:02,0.67763,0.67774
2297,2023-05-09 01:22:04,0.67764,0.67775
2298,2023-05-09 01:22:05,0.67765,0.67776
2299,2023-05-09 01:22:06,0.67764,0.67775
2300,2023-05-09 01:22:06,0.67763,0.67774
2301,2023-05-09 01:22:10,0.67764,0.67775
2302,2023-05-09 01:22:11,0.67768,0.67779
2303,2023-05-09 01:22:11,0.6777,0.67781
2304,2023-05-09 01:22:13,0.67769,0.6778
2305,2023-05-09 01:22:13,0.67768,0.67779
2306,2023-05-09 01:22:15,0.67769,0.6778
2307,2023-05-09 01:22:16,0.67764,0.67775
2308,2023-05-09 01:22:17,0.67763,0.67774
2309,2023-05-09 01:22:20,0.67764,0.67775
2310,2023-05-09 01:22:23,0.67763,0.67774
2311,2023-05-09 01:22:24,0.67764,0.67775
2312,2023-05-09 01:22:24,0.67765,0.67776
2313,2023-05-09 01:22:24,0.67766,0.67777
2314,2023-05-09 01:22:27,0.67767,0.67778
2315,2023-05-09 01:22:28,0.67766,0.67777
2316,2023-05-09 01:22:28,0.67767,0.67778
2317,2023-05-09 01:22:28,0.67766,0.67777
2318,2023-05-09 01:22:29,0.67767,0.67778
2319,2023-05-09 01:22:30,0.67768,0.67779
2320,2023-05-09 01:22:31,0.67765,0.67776
2321,2023-05-09 01:22:31,0.67763,0.67774
2322,2023-05-09 01:22:34,0.67764,0.67775
2323,2023-05-09 01:22:35,0.67763,0.67774
2324,2023-05-09 01:22:36,0.67764,0.67775
2325,2023-05-09 01:22:37,0.67765,0.67776
2326,2023-05-09 01:22:38,0.67764,0.67775
2327,2023-05-09 01:22:40,0.67763,0.67774
2328,2023-05-09 01:22:45,0.67764,0.67775
2329,2023-05-09 01:22:46,0.67765,0.67776
2330,2023-05-09 01:22:47,0.67764,0.67775
2331,2023-05-09 01:22:48,0.67763,0.67774
2332,2023-05-09 01:22:55,0.67759,0.6777
2333,2023-05-09 01:22:56,0.67758,0.67769
2334,2023-05-09 01:22:57,0.67759,0.6777
2335,2023-05-09 01:22:58,0.67758,0.67769
2336,2023-05-09 01:23:00,0.67758,0.67769
2337,2023-05-09 01:23:00,0.67759,0.6777
2338,2023-05-09 01:23:06,0.67755,0.67766
2339,2023-05-09 01:23:07,0.67756,0.67767
2340,2023-05-09 01:23:16,0.67759,0.6777
2341,2023-05-09 01:23:16,0.67761,0.67772
2342,2023-05-09 01:23:16,0.67765,0.67776
2343,2023-05-09 01:23:19,0.67768,0.67779
2344,2023-05-09 01:23:20,0.67766,0.67777
2345,2023-05-09 01:23:26,0.67768,0.67779
2346,2023-05-09 01:23:27,0.67769,0.6778
2347,2023-05-09 01:23:28,0.6777,0.67781
2348,2023-05-09 01:23:32,0.67769,0.6778
2349,2023-05-09 01:23:33,0.67768,0.67779
2350,2023-05-09 01:23:36,0.67769,0.6778
2351,2023-05-09 01:23:37,0.6777,0.67781
2352,2023-05-09 01:23:48,0.67769,0.6778
2353,2023-05-09 01:23:49,0.67765,0.67776
2354,2023-05-09 01:23:49,0.67766,0.67777
2355,2023-05-09 01:23:49,0.67765,0.67776
2356,2023-05-09 01:23:50,0.67764,0.67775
2357,2023-05-09 01:23:50,0.67762,0.67773
2358,2023-05-09 01:23:51,0.67761,0.67772
2359,2023-05-09 01:23:52,0.67763,0.67774
2360,2023-05-09 01:23:52,0.67764,0.67775
2361,2023-05-09 01:23:55,0.67767,0.67778
2362,2023-05-09 01:23:56,0.67766,0.67777
2363,2023-05-09 01:23:56,0.67765,0.67776
2364,2023-05-09 01:24:00,0.67765,0.67776
2365,2023-05-09 01:24:01,0.67764,0.67775
2366,2023-05-09 01:24:04,0.67765,0.67776
2367,2023-05-09 01:24:06,0.67769,0.6778
2368,2023-05-09 01:24:07,0.6777,0.67781
2369,2023-05-09 01:24:12,0.67769,0.6778
2370,2023-05-09 01:24:17,0.6777,0.67781
2371,2023-05-09 01:24:21,0.67769,0.6778
2372,2023-05-09 01:24:24,0.6777,0.67781
2373,2023-05-09 01:24:27,0.67769,0.6778
2374,2023-05-09 01:24:34,0.6777,0.67781
2375,2023-05-09 01:24:34,0.67772,0.67783
2376,2023-05-09 01:24:34,0.67773,0.67784
2377,2023-05-09 01:24:35,0.67769,0.6778
2378,2023-05-09 01:24:36,0.67765,0.67776
2379,2023-05-09 01:24:36,0.67764,0.67775
2380,2023-05-09 01:24:37,0.67763,0.67774
2381,2023-05-09 01:24:37,0.67762,0.67773
2382,2023-05-09 01:24:38,0.67763,0.67774
2383,2023-05-09 01:24:38,0.67761,0.67772
2384,2023-05-09 01:24:43,0.6776,0.67771
2385,2023-05-09 01:24:45,0.67759,0.6777
2386,2023-05-09 01:24:48,0.67757,0.67768
2387,2023-05-09 01:24:51,0.67756,0.67767
2388,2023-05-09 01:24:54,0.67758,0.67769
2389,2023-05-09 01:24:55,0.67759,0.6777
2390,2023-05-09 01:24:58,0.67758,0.67769
2391,2023-05-09 01:25:00,0.67758,0.67769
2392,2023-05-09 01:25:00,0.67759,0.6777
2393,2023-05-09 01:25:01,0.6776,0.67771
2394,2023-05-09 01:25:02,0.67761,0.67772
2395,2023-05-09 01:25:09,0.67762,0.67773
2396,2023-05-09 01:25:09,0.67761,0.67772
2397,2023-05-09 01:25:10,0.6776,0.67771
2398,2023-05-09 01:25:12,0.67761,0.67772
2399,2023-05-09 01:25:13,0.67763,0.67774
2400,2023-05-09 01:25:15,0.67762,0.67773
2401,2023-05-09 01:25:15,0.67766,0.67777
2402,2023-05-09 01:25:16,0.67769,0.6778
2403,2023-05-09 01:25:16,0.67772,0.67783
2404,2023-05-09 01:25:16,0.67773,0.67784
2405,2023-05-09 01:25:19,0.67771,0.67782
2406,2023-05-09 01:25:19,0.6777,0.67781
2407,2023-05-09 01:25:19,0.67769,0.6778
2408,2023-05-09 01:25:21,0.6777,0.67781
2409,2023-05-09 01:25:21,0.67769,0.6778
2410,2023-05-09 01:25:21,0.6777,0.67781
2411,2023-05-09 01:25:24,0.67769,0.6778
2412,2023-05-09 01:25:28,0.6777,0.67781
2413,2023-05-09 01:25:29,0.67769,0.6778
2414,2023-05-09 01:25:30,0.6777,0.67781
2415,2023-05-09 01:25:30,0.67772,0.67783
2416,2023-05-09 01:25:36,0.6777,0.67781
2417,2023-05-09 01:25:37,0.67768,0.67779
2418,2023-05-09 01:25:38,0.67769,0.6778
2419,2023-05-09 01:25:46,0.6777,0.67781
2420,2023-05-09 01:25:48,0.67769,0.6778
2421,2023-05-09 01:25:48,0.6777,0.67781
2422,2023-05-09 01:25:51,0.67771,0.67782
2423,2023-05-09 01:25:51,0.67772,0.67783
2424,2023-05-09 01:25:52,0.6777,0.67781
2425,2023-05-09 01:25:52,0.67771,0.67782
2426,2023-05-09 01:25:52,0.67772,0.67783
2427,2023-05-09 01:25:54,0.67771,0.67782
2428,2023-05-09 01:25:55,0.67772,0.67783
2429,2023-05-09 01:25:57,0.6777,0.67781
2430,2023-05-09 01:25:58,0.67768,0.67779
2431,2023-05-09 01:25:58,0.67765,0.67776
2432,2023-05-09 01:26:00,0.67765,0.67776
2433,2023-05-09 01:26:01,0.67772,0.67783
2434,2023-05-09 01:26:08,0.67771,0.67782
2435,2023-05-09 01:26:12,0.67772,0.67783
2436,2023-05-09 01:26:16,0.67771,0.67782
2437,2023-05-09 01:26:17,0.6777,0.67781
2438,2023-05-09 01:26:18,0.67765,0.67776
2439,2023-05-09 01:26:21,0.67762,0.67773
2440,2023-05-09 01:26:22,0.67763,0.67774
2441,2023-05-09 01:26:27,0.67764,0.67775
2442,2023-05-09 01:26:39,0.67763,0.67774
2443,2023-05-09 01:26:45,0.67765,0.67776
2444,2023-05-09 01:26:47,0.67767,0.67778
2445,2023-05-09 01:26:52,0.67768,0.67779
2446,2023-05-09 01:26:53,0.67767,0.67778
2447,2023-05-09 01:26:53,0.67769,0.6778
2448,2023-05-09 01:27:00,0.67769,0.6778
2449,2023-05-09 01:27:00,0.6777,0.67781
2450,2023-05-09 01:27:01,0.67768,0.67779
2451,2023-05-09 01:27:01,0.67769,0.6778
2452,2023-05-09 01:27:01,0.67768,0.67779
2453,2023-05-09 01:27:01,0.6777,0.67781
2454,2023-05-09 01:27:02,0.67772,0.67783
2455,2023-05-09 01:27:03,0.6777,0.67781
2456,2023-05-09 01:27:05,0.67771,0.67782
2457,2023-05-09 01:27:07,0.67775,0.67786
2458,2023-05-09 01:27:12,0.67776,0.67787
2459,2023-05-09 01:27:13,0.67777,0.67788
2460,2023-05-09 01:27:13,0.67776,0.67787
2461,2023-05-09 01:27:24,0.67775,0.67786
2462,2023-05-09 01:27:33,0.67773,0.67784
2463,2023-05-09 01:27:39,0.67775,0.67786
2464,2023-05-09 01:27:44,0.67776,0.67787
2465,2023-05-09 01:27:47,0.67775,0.67786
2466,2023-05-09 01:27:51,0.67776,0.67787
2467,2023-05-09 01:27:51,0.67777,0.67788
2468,2023-05-09 01:27:54,0.67776,0.67787
2469,2023-05-09 01:28:00,0.67776,0.67787
2470,2023-05-09 01:28:02,0.67777,0.67788
2471,2023-05-09 01:28:02,0.67778,0.67789
2472,2023-05-09 01:28:02,0.67777,0.67788
2473,2023-05-09 01:28:04,0.67778,0.67789
2474,2023-05-09 01:28:08,0.67779,0.6779
2475,2023-05-09 01:28:13,0.67781,0.67792
2476,2023-05-09 01:28:13,0.67785,0.67796
2477,2023-05-09 01:28:14,0.67786,0.67797
2478,2023-05-09 01:28:15,0.67787,0.67798
2479,2023-05-09 01:28:16,0.67786,0.67797
2480,2023-05-09 01:28:19,0.67788,0.67799
2481,2023-05-09 01:28:19,0.6779,0.67801
