,time,bid,ask
0,2023-05-09 00:00:00,1.62161,1.6219000000000001
1,2023-05-09 00:00:01,1.62162,1.62191
2,2023-05-09 00:00:01,1.62165,1.62194
3,2023-05-09 00:00:01,1.62161,1.6219000000000001
4,2023-05-09 00:00:01,1.62162,1.62191
5,2023-05-09 00:00:02,1.6217000000000001,1.62199
6,2023-05-09 00:00:03,1.62175,1.6220400000000001
7,2023-05-09 00:00:04,1.62172,1.62201
8,2023-05-09 00:00:05,1.62173,1.62202
9,2023-05-09 00:00:06,1.62172,1.62201
10,2023-05-09 00:00:08,1.62174,1.62203
11,2023-05-09 00:00:09,1.62173,1.62202
12,2023-05-09 00:00:09,1.62171,1.6219999999999999
13,2023-05-09 00:00:10,1.62172,1.62201
14,2023-05-09 00:00:11,1.62173,1.62202
15,2023-05-09 00:00:11,1.62176,1.62205
16,2023-05-09 00:00:12,1.62174,1.62203
17,2023-05-09 00:00:12,1.62176,1.62205
18,2023-05-09 00:00:12,1.62175,1.6220400000000001
19,2023-05-09 00:00:13,1.62176,1.62205
20,2023-05-09 00:00:14,1.62175,1.6220400000000001
21,2023-05-09 00:00:15,1.62176,1.62205
22,2023-05-09 00:00:15,1.6217899999999998,1.62208
23,2023-05-09 00:00:16,1.62175,1.6220400000000001
24,2023-05-09 00:00:16,1.62174,1.62203
25,2023-05-09 00:00:17,1.62173,1.62202
26,2023-05-09 00:00:18,1.62172,1.62201
27,2023-05-09 00:00:19,1.6217000000000001,1.62199
28,2023-05-09 00:00:19,1.62171,1.6219999999999999
29,2023-05-09 00:00:20,1.62172,1.62201
30,2023-05-09 00:00:21,1.62171,1.6219999999999999
31,2023-05-09 00:00:21,1.62168,1.6219700000000001
32,2023-05-09 00:00:23,1.62169,1.62198
33,2023-05-09 00:00:24,1.62171,1.6219999999999999
34,2023-05-09 00:00:25,1.62174,1.62203
35,2023-05-09 00:00:25,1.62173,1.62202
36,2023-05-09 00:00:25,1.62174,1.62203
37,2023-05-09 00:00:28,1.62173,1.62202
38,2023-05-09 00:00:30,1.62171,1.6219999999999999
39,2023-05-09 00:00:30,1.62169,1.62198
40,2023-05-09 00:00:31,1.62171,1.6219999999999999
41,2023-05-09 00:00:31,1.62176,1.62205
42,2023-05-09 00:00:31,1.6217700000000002,1.6220599999999998
43,2023-05-09 00:00:34,1.6217899999999998,1.62208
44,2023-05-09 00:00:36,1.62178,1.62207
45,2023-05-09 00:00:36,1.6217899999999998,1.62208
46,2023-05-09 00:00:36,1.62176,1.62205
47,2023-05-09 00:00:38,1.6217700000000002,1.6220599999999998
48,2023-05-09 00:00:38,1.62178,1.62207
49,2023-05-09 00:00:38,1.6217899999999998,1.62208
50,2023-05-09 00:00:40,1.62175,1.6220400000000001
51,2023-05-09 00:00:40,1.6217000000000001,1.62199
52,2023-05-09 00:00:41,1.62168,1.6219700000000001
53,2023-05-09 00:00:41,1.62165,1.62194
54,2023-05-09 00:00:41,1.62168,1.6219700000000001
55,2023-05-09 00:00:42,1.62167,1.62196
56,2023-05-09 00:00:42,1.6217000000000001,1.62199
57,2023-05-09 00:00:42,1.62181,1.6221
58,2023-05-09 00:00:43,1.62185,1.62214
59,2023-05-09 00:00:45,1.62187,1.62216
60,2023-05-09 00:00:45,1.62184,1.6221299999999998
61,2023-05-09 00:00:46,1.62187,1.62216
62,2023-05-09 00:00:50,1.62188,1.6221700000000001
63,2023-05-09 00:00:50,1.6218599999999999,1.62215
64,2023-05-09 00:00:51,1.62189,1.62218
65,2023-05-09 00:00:51,1.62191,1.6221999999999999
66,2023-05-09 00:00:52,1.6219000000000001,1.62219
67,2023-05-09 00:00:52,1.62192,1.62221
68,2023-05-09 00:00:52,1.6219000000000001,1.62219
69,2023-05-09 00:00:55,1.62191,1.6221999999999999
70,2023-05-09 00:00:55,1.62182,1.6221100000000002
71,2023-05-09 00:00:55,1.62188,1.6221700000000001
72,2023-05-09 00:00:57,1.6217899999999998,1.62208
73,2023-05-09 00:00:57,1.6217700000000002,1.6220599999999998
74,2023-05-09 00:01:00,1.62176,1.62205
75,2023-05-09 00:01:00,1.62175,1.6220400000000001
76,2023-05-09 00:01:01,1.6217899999999998,1.62208
77,2023-05-09 00:01:01,1.6218,1.62209
78,2023-05-09 00:01:01,1.62185,1.62214
79,2023-05-09 00:01:02,1.62187,1.62216
80,2023-05-09 00:01:03,1.62191,1.6221999999999999
81,2023-05-09 00:01:04,1.6218599999999999,1.62215
82,2023-05-09 00:01:04,1.62184,1.6221299999999998
83,2023-05-09 00:01:06,1.62185,1.62214
84,2023-05-09 00:01:06,1.62188,1.6221700000000001
85,2023-05-09 00:01:06,1.62189,1.62218
86,2023-05-09 00:01:10,1.62187,1.62216
87,2023-05-09 00:01:10,1.62176,1.62205
88,2023-05-09 00:01:10,1.62174,1.62203
89,2023-05-09 00:01:11,1.62178,1.62207
90,2023-05-09 00:01:12,1.6218,1.62209
91,2023-05-09 00:01:13,1.62178,1.62207
92,2023-05-09 00:01:14,1.6217700000000002,1.6220599999999998
93,2023-05-09 00:01:15,1.62176,1.62205
94,2023-05-09 00:01:16,1.62173,1.62202
95,2023-05-09 00:01:17,1.62175,1.6220400000000001
96,2023-05-09 00:01:19,1.62178,1.62207
97,2023-05-09 00:01:20,1.6217700000000002,1.6220599999999998
98,2023-05-09 00:01:21,1.62176,1.62205
99,2023-05-09 00:01:22,1.62185,1.62214
100,2023-05-09 00:01:22,1.62182,1.6221100000000002
101,2023-05-09 00:01:24,1.62178,1.62207
102,2023-05-09 00:01:26,1.6217700000000002,1.6220599999999998
103,2023-05-09 00:01:29,1.6217899999999998,1.62208
104,2023-05-09 00:01:29,1.62185,1.62214
105,2023-05-09 00:01:30,1.62182,1.6221100000000002
106,2023-05-09 00:01:30,1.62178,1.62207
107,2023-05-09 00:01:32,1.62183,1.62212
108,2023-05-09 00:01:32,1.62182,1.6221100000000002
109,2023-05-09 00:01:33,1.6218,1.62209
110,2023-05-09 00:01:35,1.62182,1.6221100000000002
111,2023-05-09 00:01:36,1.62185,1.62214
112,2023-05-09 00:01:36,1.6218599999999999,1.62215
113,2023-05-09 00:01:36,1.62185,1.62214
114,2023-05-09 00:01:37,1.62188,1.6221700000000001
115,2023-05-09 00:01:39,1.6218599999999999,1.62215
116,2023-05-09 00:01:41,1.62184,1.6221299999999998
117,2023-05-09 00:01:41,1.62185,1.62214
118,2023-05-09 00:01:42,1.6218599999999999,1.62215
119,2023-05-09 00:01:43,1.62184,1.6221299999999998
120,2023-05-09 00:01:44,1.62183,1.62212
121,2023-05-09 00:01:45,1.62188,1.6221700000000001
122,2023-05-09 00:01:45,1.6219000000000001,1.62219
123,2023-05-09 00:01:46,1.62189,1.62218
124,2023-05-09 00:01:48,1.62183,1.62212
125,2023-05-09 00:01:48,1.62189,1.62218
126,2023-05-09 00:01:49,1.62187,1.62216
127,2023-05-09 00:01:50,1.62189,1.62218
128,2023-05-09 00:01:50,1.62191,1.6221999999999999
129,2023-05-09 00:01:51,1.62195,1.6222400000000001
130,2023-05-09 00:01:52,1.62192,1.62221
131,2023-05-09 00:01:52,1.62195,1.6222400000000001
132,2023-05-09 00:01:53,1.62191,1.6221999999999999
133,2023-05-09 00:01:53,1.62196,1.62225
134,2023-05-09 00:01:53,1.62202,1.6223100000000001
135,2023-05-09 00:01:53,1.62201,1.6223
136,2023-05-09 00:01:54,1.6219999999999999,1.62229
137,2023-05-09 00:01:54,1.62199,1.62228
138,2023-05-09 00:01:55,1.62202,1.6223100000000001
139,2023-05-09 00:01:57,1.62201,1.6223
140,2023-05-09 00:01:58,1.6220599999999998,1.62235
141,2023-05-09 00:02:00,1.62201,1.6223
142,2023-05-09 00:02:00,1.62205,1.62234
143,2023-05-09 00:02:01,1.62203,1.62232
144,2023-05-09 00:02:02,1.62202,1.6223100000000001
145,2023-05-09 00:02:02,1.6219999999999999,1.62229
146,2023-05-09 00:02:03,1.62195,1.6222400000000001
147,2023-05-09 00:02:03,1.62205,1.62234
148,2023-05-09 00:02:04,1.62203,1.62232
149,2023-05-09 00:02:05,1.62205,1.62234
150,2023-05-09 00:02:09,1.62207,1.62236
151,2023-05-09 00:02:09,1.62199,1.62228
152,2023-05-09 00:02:09,1.6219999999999999,1.62229
153,2023-05-09 00:02:11,1.62198,1.6222699999999999
154,2023-05-09 00:02:11,1.62199,1.62228
155,2023-05-09 00:02:11,1.62201,1.6223
156,2023-05-09 00:02:12,1.62199,1.62228
157,2023-05-09 00:02:12,1.62198,1.6222699999999999
158,2023-05-09 00:02:13,1.62199,1.62228
159,2023-05-09 00:02:15,1.62198,1.6222699999999999
160,2023-05-09 00:02:15,1.62203,1.62232
161,2023-05-09 00:02:16,1.6220400000000001,1.62233
162,2023-05-09 00:02:16,1.6220599999999998,1.62235
163,2023-05-09 00:02:18,1.62201,1.6223
164,2023-05-09 00:02:18,1.62198,1.6222699999999999
165,2023-05-09 00:02:21,1.62199,1.62228
166,2023-05-09 00:02:21,1.62196,1.62225
167,2023-05-09 00:02:22,1.6219700000000001,1.62226
168,2023-05-09 00:02:24,1.62198,1.6222699999999999
169,2023-05-09 00:02:26,1.6219700000000001,1.62226
170,2023-05-09 00:02:28,1.62198,1.6222699999999999
171,2023-05-09 00:02:29,1.62202,1.6223100000000001
172,2023-05-09 00:02:29,1.6219999999999999,1.62229
173,2023-05-09 00:02:30,1.62199,1.62228
174,2023-05-09 00:02:31,1.62195,1.6222400000000001
175,2023-05-09 00:02:32,1.62199,1.62228
176,2023-05-09 00:02:33,1.6219700000000001,1.62226
177,2023-05-09 00:02:34,1.62196,1.62225
178,2023-05-09 00:02:34,1.6219700000000001,1.62226
179,2023-05-09 00:02:37,1.62199,1.62228
180,2023-05-09 00:02:39,1.6220400000000001,1.62233
181,2023-05-09 00:02:41,1.62205,1.62234
182,2023-05-09 00:02:44,1.6221,1.62239
183,2023-05-09 00:02:44,1.62208,1.62237
184,2023-05-09 00:02:45,1.6221,1.62239
185,2023-05-09 00:02:46,1.62209,1.6223800000000002
186,2023-05-09 00:02:46,1.6221,1.62239
187,2023-05-09 00:02:51,1.62209,1.6223800000000002
188,2023-05-09 00:02:51,1.6221,1.62239
189,2023-05-09 00:02:52,1.62208,1.62237
190,2023-05-09 00:02:53,1.6220599999999998,1.62235
191,2023-05-09 00:02:53,1.62207,1.62236
192,2023-05-09 00:02:53,1.62205,1.62234
193,2023-05-09 00:02:54,1.62209,1.6223800000000002
194,2023-05-09 00:02:54,1.62203,1.62232
195,2023-05-09 00:02:54,1.6220400000000001,1.62233
196,2023-05-09 00:02:54,1.6220599999999998,1.62235
197,2023-05-09 00:02:55,1.62207,1.62236
198,2023-05-09 00:02:55,1.6220599999999998,1.62235
199,2023-05-09 00:02:56,1.62205,1.62234
200,2023-05-09 00:02:58,1.6220599999999998,1.62235
201,2023-05-09 00:02:59,1.62203,1.62232
202,2023-05-09 00:03:00,1.62203,1.62232
203,2023-05-09 00:03:00,1.6220400000000001,1.62233
204,2023-05-09 00:03:01,1.62201,1.6223
205,2023-05-09 00:03:01,1.6219999999999999,1.62229
206,2023-05-09 00:03:01,1.62201,1.6223
207,2023-05-09 00:03:03,1.62203,1.62232
208,2023-05-09 00:03:04,1.62202,1.6223100000000001
209,2023-05-09 00:03:08,1.62205,1.62234
210,2023-05-09 00:03:09,1.62198,1.6222699999999999
211,2023-05-09 00:03:09,1.6219999999999999,1.62229
212,2023-05-09 00:03:11,1.62199,1.62228
213,2023-05-09 00:03:12,1.62196,1.62225
214,2023-05-09 00:03:13,1.62194,1.62223
215,2023-05-09 00:03:16,1.62195,1.6222400000000001
216,2023-05-09 00:03:17,1.62198,1.6222699999999999
217,2023-05-09 00:03:20,1.6219999999999999,1.62229
218,2023-05-09 00:03:21,1.62201,1.6223
219,2023-05-09 00:03:21,1.62202,1.6223100000000001
220,2023-05-09 00:03:22,1.62203,1.62232
221,2023-05-09 00:03:22,1.6220400000000001,1.62233
222,2023-05-09 00:03:23,1.62203,1.62232
223,2023-05-09 00:03:23,1.6220400000000001,1.62233
224,2023-05-09 00:03:24,1.6219999999999999,1.62229
225,2023-05-09 00:03:25,1.62199,1.62228
226,2023-05-09 00:03:26,1.62196,1.62225
227,2023-05-09 00:03:30,1.62191,1.6221999999999999
228,2023-05-09 00:03:30,1.62195,1.6222400000000001
229,2023-05-09 00:03:31,1.6219299999999999,1.62222
230,2023-05-09 00:03:31,1.62192,1.62221
231,2023-05-09 00:03:32,1.62188,1.6221700000000001
232,2023-05-09 00:03:35,1.62189,1.62218
233,2023-05-09 00:03:35,1.6218599999999999,1.62215
234,2023-05-09 00:03:35,1.62185,1.62214
235,2023-05-09 00:03:36,1.62184,1.6221299999999998
236,2023-05-09 00:03:36,1.62185,1.62214
237,2023-05-09 00:03:37,1.6218599999999999,1.62215
238,2023-05-09 00:03:38,1.62184,1.6221299999999998
239,2023-05-09 00:03:39,1.62185,1.62214
240,2023-05-09 00:03:39,1.62184,1.6221299999999998
241,2023-05-09 00:03:40,1.62185,1.62214
242,2023-05-09 00:03:40,1.62187,1.62216
243,2023-05-09 00:03:42,1.62189,1.62218
244,2023-05-09 00:03:43,1.62187,1.62216
245,2023-05-09 00:03:44,1.62182,1.6221100000000002
246,2023-05-09 00:03:45,1.62178,1.62207
247,2023-05-09 00:03:45,1.6217899999999998,1.62208
248,2023-05-09 00:03:46,1.62178,1.62207
249,2023-05-09 00:03:48,1.6217700000000002,1.6220599999999998
250,2023-05-09 00:03:49,1.62178,1.62207
251,2023-05-09 00:03:49,1.6218,1.62209
252,2023-05-09 00:03:49,1.6217899999999998,1.62208
253,2023-05-09 00:03:50,1.62176,1.62205
254,2023-05-09 00:03:50,1.62173,1.62202
255,2023-05-09 00:03:50,1.62174,1.62203
256,2023-05-09 00:03:51,1.6217700000000002,1.6220599999999998
257,2023-05-09 00:03:52,1.6217899999999998,1.62208
258,2023-05-09 00:03:53,1.62181,1.6221
259,2023-05-09 00:03:53,1.62176,1.62205
260,2023-05-09 00:03:55,1.62178,1.62207
261,2023-05-09 00:03:55,1.62182,1.6221100000000002
262,2023-05-09 00:03:56,1.62181,1.6221
263,2023-05-09 00:03:56,1.62182,1.6221100000000002
264,2023-05-09 00:03:56,1.62181,1.6221
265,2023-05-09 00:03:57,1.62182,1.6221100000000002
266,2023-05-09 00:03:58,1.6217899999999998,1.62208
267,2023-05-09 00:03:58,1.62182,1.6221100000000002
268,2023-05-09 00:03:59,1.62192,1.62221
269,2023-05-09 00:03:59,1.62188,1.6221700000000001
270,2023-05-09 00:04:00,1.62191,1.6221999999999999
271,2023-05-09 00:04:00,1.62187,1.62216
272,2023-05-09 00:04:01,1.62188,1.6221700000000001
273,2023-05-09 00:04:02,1.62189,1.62218
274,2023-05-09 00:04:03,1.62187,1.62216
275,2023-05-09 00:04:04,1.62191,1.6221999999999999
276,2023-05-09 00:04:04,1.62187,1.62216
277,2023-05-09 00:04:04,1.62189,1.62218
278,2023-05-09 00:04:06,1.62187,1.62216
279,2023-05-09 00:04:12,1.62191,1.6221999999999999
280,2023-05-09 00:04:15,1.6218599999999999,1.62215
281,2023-05-09 00:04:15,1.62191,1.6221999999999999
282,2023-05-09 00:04:16,1.62192,1.62221
283,2023-05-09 00:04:17,1.6219299999999999,1.62222
284,2023-05-09 00:04:19,1.6219000000000001,1.62219
285,2023-05-09 00:04:21,1.6218599999999999,1.62215
286,2023-05-09 00:04:22,1.62182,1.6221100000000002
287,2023-05-09 00:04:24,1.62185,1.62214
288,2023-05-09 00:04:24,1.62187,1.62216
289,2023-05-09 00:04:25,1.6219000000000001,1.62219
290,2023-05-09 00:04:25,1.62192,1.62221
291,2023-05-09 00:04:26,1.6219299999999999,1.62222
292,2023-05-09 00:04:27,1.6219000000000001,1.62219
293,2023-05-09 00:04:27,1.62187,1.62216
294,2023-05-09 00:04:27,1.6218599999999999,1.62215
295,2023-05-09 00:04:27,1.62187,1.62216
296,2023-05-09 00:04:28,1.62188,1.6221700000000001
297,2023-05-09 00:04:30,1.6219000000000001,1.62219
298,2023-05-09 00:04:30,1.62189,1.62218
299,2023-05-09 00:04:31,1.62188,1.6221700000000001
300,2023-05-09 00:04:31,1.62185,1.62214
301,2023-05-09 00:04:31,1.62187,1.62216
302,2023-05-09 00:04:34,1.62188,1.6221700000000001
303,2023-05-09 00:04:36,1.62187,1.62216
304,2023-05-09 00:04:38,1.62188,1.6221700000000001
305,2023-05-09 00:04:39,1.6218599999999999,1.62215
306,2023-05-09 00:04:40,1.62188,1.6221700000000001
307,2023-05-09 00:04:41,1.62185,1.62214
308,2023-05-09 00:04:41,1.62184,1.6221299999999998
309,2023-05-09 00:04:46,1.6218599999999999,1.62215
310,2023-05-09 00:04:51,1.62184,1.6221299999999998
311,2023-05-09 00:04:52,1.62183,1.62212
312,2023-05-09 00:04:53,1.62181,1.6221
313,2023-05-09 00:04:53,1.62178,1.62207
314,2023-05-09 00:04:54,1.62175,1.6220400000000001
315,2023-05-09 00:04:54,1.62173,1.62202
316,2023-05-09 00:04:54,1.62167,1.62196
317,2023-05-09 00:04:56,1.62168,1.6219700000000001
318,2023-05-09 00:04:57,1.6216300000000001,1.62192
319,2023-05-09 00:04:58,1.62164,1.6219299999999999
320,2023-05-09 00:04:59,1.6216599999999999,1.62195
321,2023-05-09 00:05:00,1.6216599999999999,1.62195
322,2023-05-09 00:05:01,1.6216,1.62189
323,2023-05-09 00:05:02,1.62158,1.62187
324,2023-05-09 00:05:12,1.62161,1.6219000000000001
325,2023-05-09 00:05:15,1.62158,1.62187
326,2023-05-09 00:05:18,1.6213899999999999,1.62168
327,2023-05-09 00:05:19,1.62128,1.62157
328,2023-05-09 00:05:20,1.62123,1.6215199999999999
329,2023-05-09 00:05:21,1.62126,1.62155
330,2023-05-09 00:05:21,1.6212499999999999,1.62154
331,2023-05-09 00:05:24,1.62124,1.62153
332,2023-05-09 00:05:25,1.62123,1.6215199999999999
333,2023-05-09 00:05:25,1.62121,1.6215000000000002
334,2023-05-09 00:05:26,1.62123,1.6215199999999999
335,2023-05-09 00:05:26,1.6211600000000002,1.6214499999999998
336,2023-05-09 00:05:27,1.62115,1.62144
337,2023-05-09 00:05:27,1.62106,1.62135
338,2023-05-09 00:05:27,1.62107,1.6213600000000001
339,2023-05-09 00:05:28,1.62108,1.62137
340,2023-05-09 00:05:28,1.62107,1.6213600000000001
341,2023-05-09 00:05:30,1.62106,1.62135
342,2023-05-09 00:05:30,1.6210499999999999,1.62134
343,2023-05-09 00:05:30,1.621,1.6212900000000001
344,2023-05-09 00:05:31,1.6209799999999999,1.62127
345,2023-05-09 00:05:32,1.62097,1.62126
346,2023-05-09 00:05:38,1.62093,1.62122
347,2023-05-09 00:05:40,1.62096,1.6212499999999999
348,2023-05-09 00:05:40,1.6209500000000001,1.62124
349,2023-05-09 00:05:40,1.62094,1.62123
350,2023-05-09 00:05:41,1.6209500000000001,1.62124
351,2023-05-09 00:05:43,1.62096,1.6212499999999999
352,2023-05-09 00:05:43,1.6209500000000001,1.62124
353,2023-05-09 00:05:44,1.6209799999999999,1.62127
354,2023-05-09 00:05:45,1.62097,1.62126
355,2023-05-09 00:05:45,1.62094,1.62123
356,2023-05-09 00:05:47,1.6210499999999999,1.62134
357,2023-05-09 00:05:51,1.62101,1.6213
358,2023-05-09 00:05:51,1.62097,1.62126
359,2023-05-09 00:05:53,1.62094,1.62123
360,2023-05-09 00:05:53,1.62093,1.62122
361,2023-05-09 00:05:54,1.6209099999999999,1.6212
362,2023-05-09 00:05:54,1.6209,1.62119
363,2023-05-09 00:05:54,1.6209099999999999,1.6212
364,2023-05-09 00:05:57,1.6209,1.62119
365,2023-05-09 00:05:58,1.6209099999999999,1.6212
366,2023-05-09 00:05:59,1.6208900000000002,1.6211799999999998
367,2023-05-09 00:05:59,1.62088,1.62117
368,2023-05-09 00:06:00,1.62088,1.62117
369,2023-05-09 00:06:01,1.62087,1.6211600000000002
370,2023-05-09 00:06:01,1.62085,1.62114
371,2023-05-09 00:06:01,1.6208200000000001,1.62111
372,2023-05-09 00:06:02,1.6208399999999998,1.62113
373,2023-05-09 00:06:03,1.6208200000000001,1.62111
374,2023-05-09 00:06:03,1.62083,1.62112
375,2023-05-09 00:06:06,1.62087,1.6211600000000002
376,2023-05-09 00:06:09,1.62086,1.62115
377,2023-05-09 00:06:11,1.62087,1.6211600000000002
378,2023-05-09 00:06:21,1.6208,1.6210900000000001
379,2023-05-09 00:06:22,1.6208900000000002,1.6211799999999998
380,2023-05-09 00:06:29,1.62092,1.62121
381,2023-05-09 00:06:29,1.62088,1.62117
382,2023-05-09 00:06:30,1.62086,1.62115
383,2023-05-09 00:06:31,1.62087,1.6211600000000002
384,2023-05-09 00:06:31,1.62086,1.62115
385,2023-05-09 00:06:32,1.62088,1.62117
386,2023-05-09 00:06:33,1.6208900000000002,1.6211799999999998
387,2023-05-09 00:06:33,1.6209099999999999,1.6212
388,2023-05-09 00:06:40,1.62094,1.62123
389,2023-05-09 00:06:40,1.6209500000000001,1.62124
390,2023-05-09 00:06:40,1.62093,1.62122
391,2023-05-09 00:06:41,1.6209099999999999,1.6212
392,2023-05-09 00:06:42,1.62094,1.62123
393,2023-05-09 00:06:42,1.62096,1.6212499999999999
394,2023-05-09 00:06:46,1.6209500000000001,1.62124
395,2023-05-09 00:06:46,1.62094,1.62123
396,2023-05-09 00:06:51,1.6209,1.62119
397,2023-05-09 00:06:51,1.62088,1.62117
398,2023-05-09 00:06:52,1.62086,1.62115
399,2023-05-09 00:06:56,1.6208399999999998,1.62113
400,2023-05-09 00:06:57,1.62085,1.62114
401,2023-05-09 00:06:57,1.6208399999999998,1.62113
402,2023-05-09 00:06:58,1.62083,1.62112
403,2023-05-09 00:06:58,1.6208399999999998,1.62113
404,2023-05-09 00:06:59,1.62083,1.62112
405,2023-05-09 00:06:59,1.62085,1.62114
406,2023-05-09 00:07:00,1.62085,1.62114
407,2023-05-09 00:07:02,1.62083,1.62112
408,2023-05-09 00:07:04,1.62081,1.6211
409,2023-05-09 00:07:04,1.6208200000000001,1.62111
410,2023-05-09 00:07:06,1.6208,1.6210900000000001
411,2023-05-09 00:07:09,1.62079,1.62108
412,2023-05-09 00:07:09,1.6208,1.6210900000000001
413,2023-05-09 00:07:10,1.62081,1.6211
414,2023-05-09 00:07:10,1.6208200000000001,1.62111
415,2023-05-09 00:07:11,1.62081,1.6211
416,2023-05-09 00:07:12,1.6208200000000001,1.62111
417,2023-05-09 00:07:12,1.6208,1.6210900000000001
418,2023-05-09 00:07:13,1.62081,1.6211
419,2023-05-09 00:07:16,1.6207799999999999,1.62107
420,2023-05-09 00:07:16,1.6208,1.6210900000000001
421,2023-05-09 00:07:17,1.6207799999999999,1.62107
422,2023-05-09 00:07:17,1.62079,1.62108
423,2023-05-09 00:07:18,1.6207799999999999,1.62107
424,2023-05-09 00:07:18,1.62079,1.62108
425,2023-05-09 00:07:20,1.6207799999999999,1.62107
426,2023-05-09 00:07:24,1.62077,1.62106
427,2023-05-09 00:07:25,1.6207799999999999,1.62107
428,2023-05-09 00:07:26,1.62077,1.62106
429,2023-05-09 00:07:26,1.62073,1.6210200000000001
430,2023-05-09 00:07:26,1.6207500000000001,1.62104
431,2023-05-09 00:07:26,1.6207099999999999,1.621
432,2023-05-09 00:07:28,1.62072,1.62101
433,2023-05-09 00:07:29,1.6207099999999999,1.621
434,2023-05-09 00:07:29,1.62069,1.6209799999999999
435,2023-05-09 00:07:32,1.6206800000000001,1.62097
436,2023-05-09 00:07:32,1.6207,1.62099
437,2023-05-09 00:07:33,1.62069,1.6209799999999999
438,2023-05-09 00:07:33,1.62066,1.6209500000000001
439,2023-05-09 00:07:33,1.62065,1.62094
440,2023-05-09 00:07:36,1.62061,1.6209
441,2023-05-09 00:07:36,1.62054,1.62083
442,2023-05-09 00:07:38,1.6205500000000002,1.6208399999999998
443,2023-05-09 00:07:40,1.6205699999999998,1.62086
444,2023-05-09 00:07:40,1.62056,1.62085
445,2023-05-09 00:07:42,1.62054,1.62083
446,2023-05-09 00:07:42,1.62053,1.6208200000000001
447,2023-05-09 00:07:47,1.6206,1.6208900000000002
448,2023-05-09 00:07:47,1.62054,1.62083
449,2023-05-09 00:07:48,1.6205500000000002,1.6208399999999998
450,2023-05-09 00:07:48,1.6205699999999998,1.62086
451,2023-05-09 00:07:51,1.62056,1.62085
452,2023-05-09 00:07:51,1.6205699999999998,1.62086
453,2023-05-09 00:07:52,1.62056,1.62085
454,2023-05-09 00:07:52,1.6205500000000002,1.6208399999999998
455,2023-05-09 00:07:52,1.62058,1.62087
456,2023-05-09 00:07:53,1.62059,1.62088
457,2023-05-09 00:07:53,1.6205699999999998,1.62086
458,2023-05-09 00:07:54,1.62053,1.6208200000000001
459,2023-05-09 00:07:55,1.62054,1.62083
460,2023-05-09 00:07:55,1.62056,1.62085
461,2023-05-09 00:07:56,1.62058,1.62087
462,2023-05-09 00:07:57,1.62056,1.62085
463,2023-05-09 00:07:58,1.62058,1.62087
464,2023-05-09 00:07:58,1.62059,1.62088
465,2023-05-09 00:08:00,1.62059,1.62088
466,2023-05-09 00:08:00,1.6206,1.6208900000000002
467,2023-05-09 00:08:01,1.62062,1.6209099999999999
468,2023-05-09 00:08:01,1.6205699999999998,1.62086
469,2023-05-09 00:08:01,1.62056,1.62085
470,2023-05-09 00:08:03,1.62052,1.62081
471,2023-05-09 00:08:03,1.6205,1.62079
472,2023-05-09 00:08:04,1.62051,1.6208
473,2023-05-09 00:08:05,1.62056,1.62085
474,2023-05-09 00:08:06,1.6205500000000002,1.6208399999999998
475,2023-05-09 00:08:07,1.62054,1.62083
476,2023-05-09 00:08:13,1.62058,1.62087
477,2023-05-09 00:08:13,1.62059,1.62088
478,2023-05-09 00:08:14,1.62058,1.62087
479,2023-05-09 00:08:14,1.62059,1.62088
480,2023-05-09 00:08:15,1.62058,1.62087
481,2023-05-09 00:08:15,1.62061,1.6209
482,2023-05-09 00:08:17,1.6205699999999998,1.62086
483,2023-05-09 00:08:17,1.62056,1.62085
484,2023-05-09 00:08:17,1.62054,1.62083
485,2023-05-09 00:08:18,1.62053,1.6208200000000001
486,2023-05-09 00:08:19,1.62052,1.62081
487,2023-05-09 00:08:19,1.62054,1.62083
488,2023-05-09 00:08:20,1.62056,1.62085
489,2023-05-09 00:08:21,1.62052,1.62081
490,2023-05-09 00:08:22,1.62053,1.6208200000000001
491,2023-05-09 00:08:22,1.62052,1.62081
492,2023-05-09 00:08:32,1.62063,1.62092
493,2023-05-09 00:08:32,1.62065,1.62094
494,2023-05-09 00:08:33,1.6206399999999999,1.62093
495,2023-05-09 00:08:33,1.62065,1.62094
496,2023-05-09 00:08:34,1.62062,1.6209099999999999
497,2023-05-09 00:08:34,1.62066,1.6209500000000001
498,2023-05-09 00:08:34,1.6206399999999999,1.62093
499,2023-05-09 00:08:37,1.62069,1.6209799999999999
500,2023-05-09 00:08:39,1.6207,1.62099
501,2023-05-09 00:08:39,1.62069,1.6209799999999999
502,2023-05-09 00:08:40,1.6207,1.62099
503,2023-05-09 00:08:41,1.62067,1.62096
504,2023-05-09 00:08:41,1.6206800000000001,1.62097
505,2023-05-09 00:08:42,1.6207,1.62099
506,2023-05-09 00:08:43,1.62067,1.62096
507,2023-05-09 00:08:43,1.62069,1.6209799999999999
508,2023-05-09 00:08:44,1.62066,1.6209500000000001
509,2023-05-09 00:08:44,1.62065,1.62094
510,2023-05-09 00:08:45,1.62063,1.62092
511,2023-05-09 00:08:46,1.62065,1.62094
512,2023-05-09 00:08:47,1.6206800000000001,1.62097
513,2023-05-09 00:08:48,1.62069,1.6209799999999999
514,2023-05-09 00:08:54,1.62062,1.6209099999999999
515,2023-05-09 00:08:56,1.62063,1.62092
516,2023-05-09 00:08:59,1.6206,1.6208900000000002
517,2023-05-09 00:08:59,1.6206399999999999,1.62093
518,2023-05-09 00:09:00,1.6206800000000001,1.62097
519,2023-05-09 00:09:00,1.62067,1.62096
520,2023-05-09 00:09:02,1.6206399999999999,1.62093
521,2023-05-09 00:09:03,1.62067,1.62096
522,2023-05-09 00:09:03,1.6207,1.62099
523,2023-05-09 00:09:03,1.6206800000000001,1.62097
524,2023-05-09 00:09:03,1.62065,1.62094
525,2023-05-09 00:09:04,1.62063,1.62092
526,2023-05-09 00:09:05,1.62061,1.6209
527,2023-05-09 00:09:05,1.6206,1.6208900000000002
528,2023-05-09 00:09:07,1.62061,1.6209
529,2023-05-09 00:09:09,1.6206,1.6208900000000002
530,2023-05-09 00:09:09,1.62059,1.62088
531,2023-05-09 00:09:10,1.62058,1.62087
532,2023-05-09 00:09:10,1.62056,1.62085
533,2023-05-09 00:09:11,1.6205699999999998,1.62086
534,2023-05-09 00:09:11,1.62056,1.62085
535,2023-05-09 00:09:12,1.6205699999999998,1.62086
536,2023-05-09 00:09:12,1.62058,1.62087
537,2023-05-09 00:09:12,1.62059,1.62088
538,2023-05-09 00:09:13,1.6206,1.6208900000000002
539,2023-05-09 00:09:14,1.62058,1.62087
540,2023-05-09 00:09:15,1.62056,1.62085
541,2023-05-09 00:09:15,1.6205699999999998,1.62086
542,2023-05-09 00:09:16,1.6205500000000002,1.6208399999999998
543,2023-05-09 00:09:16,1.6205,1.62079
544,2023-05-09 00:09:21,1.6204,1.62069
545,2023-05-09 00:09:22,1.62042,1.6207099999999999
546,2023-05-09 00:09:22,1.6204399999999999,1.62073
547,2023-05-09 00:09:25,1.62043,1.62072
548,2023-05-09 00:09:25,1.6204399999999999,1.62073
549,2023-05-09 00:09:25,1.62045,1.62074
550,2023-05-09 00:09:33,1.6204800000000001,1.62077
551,2023-05-09 00:09:33,1.62047,1.62076
552,2023-05-09 00:09:34,1.6204800000000001,1.62077
553,2023-05-09 00:09:34,1.62045,1.62074
554,2023-05-09 00:09:38,1.62054,1.62083
555,2023-05-09 00:09:39,1.62061,1.6209
556,2023-05-09 00:09:40,1.62062,1.6209099999999999
557,2023-05-09 00:09:40,1.6206,1.6208900000000002
558,2023-05-09 00:09:41,1.62059,1.62088
559,2023-05-09 00:09:43,1.6205699999999998,1.62086
560,2023-05-09 00:09:44,1.62059,1.62088
561,2023-05-09 00:09:45,1.6205699999999998,1.62086
562,2023-05-09 00:09:45,1.6205500000000002,1.6208399999999998
563,2023-05-09 00:09:45,1.62054,1.62083
564,2023-05-09 00:09:46,1.62056,1.62085
565,2023-05-09 00:09:46,1.6205500000000002,1.6208399999999998
566,2023-05-09 00:09:50,1.62056,1.62085
567,2023-05-09 00:09:50,1.6206,1.6208900000000002
568,2023-05-09 00:09:51,1.62059,1.62088
569,2023-05-09 00:09:55,1.6205699999999998,1.62086
570,2023-05-09 00:09:55,1.62058,1.62087
571,2023-05-09 00:09:55,1.6205500000000002,1.6208399999999998
572,2023-05-09 00:09:57,1.62052,1.62081
573,2023-05-09 00:09:58,1.62049,1.6207799999999999
574,2023-05-09 00:09:59,1.62059,1.62088
575,2023-05-09 00:09:59,1.6205699999999998,1.62086
576,2023-05-09 00:10:00,1.62056,1.62085
577,2023-05-09 00:10:00,1.6205699999999998,1.62086
578,2023-05-09 00:10:00,1.62052,1.62081
579,2023-05-09 00:10:01,1.6205,1.62079
580,2023-05-09 00:10:02,1.62049,1.6207799999999999
581,2023-05-09 00:10:02,1.62052,1.62081
582,2023-05-09 00:10:03,1.62056,1.62085
583,2023-05-09 00:10:05,1.6205500000000002,1.6208399999999998
584,2023-05-09 00:10:05,1.62056,1.62085
585,2023-05-09 00:10:07,1.62058,1.62087
586,2023-05-09 00:10:12,1.62061,1.6209
587,2023-05-09 00:10:14,1.62059,1.62088
588,2023-05-09 00:10:14,1.6205699999999998,1.62086
589,2023-05-09 00:10:15,1.62054,1.62083
590,2023-05-09 00:10:16,1.6205699999999998,1.62086
591,2023-05-09 00:10:16,1.62059,1.62088
592,2023-05-09 00:10:20,1.6205699999999998,1.62086
593,2023-05-09 00:10:21,1.62058,1.62087
594,2023-05-09 00:10:21,1.62059,1.62088
595,2023-05-09 00:10:21,1.62067,1.62096
596,2023-05-09 00:10:21,1.62065,1.62094
597,2023-05-09 00:10:22,1.62067,1.62096
598,2023-05-09 00:10:22,1.62066,1.6209500000000001
599,2023-05-09 00:10:26,1.62063,1.62092
600,2023-05-09 00:10:26,1.6207099999999999,1.621
601,2023-05-09 00:10:26,1.62072,1.62101
602,2023-05-09 00:10:28,1.6207099999999999,1.621
603,2023-05-09 00:10:28,1.62073,1.6210200000000001
604,2023-05-09 00:10:29,1.6207,1.62099
605,2023-05-09 00:10:29,1.6207099999999999,1.621
606,2023-05-09 00:10:30,1.62073,1.6210200000000001
607,2023-05-09 00:10:31,1.6207099999999999,1.621
608,2023-05-09 00:10:31,1.6207,1.62099
609,2023-05-09 00:10:32,1.6207099999999999,1.621
610,2023-05-09 00:10:32,1.6207,1.62099
611,2023-05-09 00:10:32,1.62069,1.6209799999999999
612,2023-05-09 00:10:33,1.62067,1.62096
613,2023-05-09 00:10:35,1.62065,1.62094
614,2023-05-09 00:10:35,1.6206399999999999,1.62093
615,2023-05-09 00:10:36,1.62063,1.62092
616,2023-05-09 00:10:36,1.62062,1.6209099999999999
617,2023-05-09 00:10:37,1.62063,1.62092
618,2023-05-09 00:10:40,1.62059,1.62088
619,2023-05-09 00:10:40,1.62062,1.6209099999999999
620,2023-05-09 00:10:40,1.62067,1.62096
621,2023-05-09 00:10:41,1.6206399999999999,1.62093
622,2023-05-09 00:10:41,1.62066,1.6209500000000001
623,2023-05-09 00:10:41,1.62065,1.62094
624,2023-05-09 00:10:41,1.6206399999999999,1.62093
625,2023-05-09 00:10:42,1.62063,1.62092
626,2023-05-09 00:10:42,1.62062,1.6209099999999999
627,2023-05-09 00:10:42,1.6206399999999999,1.62093
628,2023-05-09 00:10:42,1.62063,1.62092
629,2023-05-09 00:10:43,1.6206399999999999,1.62093
630,2023-05-09 00:10:44,1.62063,1.62092
631,2023-05-09 00:10:44,1.62065,1.62094
632,2023-05-09 00:10:45,1.62063,1.62092
633,2023-05-09 00:10:45,1.6206399999999999,1.62093
634,2023-05-09 00:10:46,1.62063,1.62092
635,2023-05-09 00:10:46,1.62065,1.62094
636,2023-05-09 00:10:46,1.62063,1.62092
637,2023-05-09 00:10:47,1.62066,1.6209500000000001
638,2023-05-09 00:10:48,1.6206399999999999,1.62093
639,2023-05-09 00:10:48,1.62069,1.6209799999999999
640,2023-05-09 00:10:48,1.6206800000000001,1.62097
641,2023-05-09 00:10:49,1.6205699999999998,1.62086
642,2023-05-09 00:10:49,1.62058,1.62087
643,2023-05-09 00:10:51,1.6205699999999998,1.62086
644,2023-05-09 00:10:53,1.6205500000000002,1.6208399999999998
645,2023-05-09 00:10:53,1.62054,1.62083
646,2023-05-09 00:10:53,1.6205699999999998,1.62086
647,2023-05-09 00:10:55,1.62061,1.6209
648,2023-05-09 00:10:55,1.6206,1.6208900000000002
649,2023-05-09 00:10:55,1.62058,1.62087
650,2023-05-09 00:10:56,1.62059,1.62088
651,2023-05-09 00:10:56,1.6206,1.6208900000000002
652,2023-05-09 00:10:56,1.62058,1.62087
653,2023-05-09 00:10:57,1.62059,1.62088
654,2023-05-09 00:10:57,1.62058,1.62087
655,2023-05-09 00:10:58,1.62059,1.62088
656,2023-05-09 00:10:58,1.6206,1.6208900000000002
657,2023-05-09 00:10:58,1.62059,1.62088
658,2023-05-09 00:10:59,1.62062,1.6209099999999999
659,2023-05-09 00:11:00,1.62062,1.6209099999999999
660,2023-05-09 00:11:00,1.62063,1.62092
661,2023-05-09 00:11:00,1.62062,1.6209099999999999
662,2023-05-09 00:11:01,1.62063,1.62092
663,2023-05-09 00:11:01,1.6206399999999999,1.62093
664,2023-05-09 00:11:01,1.62066,1.6209500000000001
665,2023-05-09 00:11:03,1.62067,1.62096
666,2023-05-09 00:11:03,1.6207099999999999,1.621
667,2023-05-09 00:11:04,1.62065,1.62094
668,2023-05-09 00:11:04,1.6206399999999999,1.62093
669,2023-05-09 00:11:04,1.62065,1.62094
670,2023-05-09 00:11:05,1.62067,1.62096
671,2023-05-09 00:11:05,1.62066,1.6209500000000001
672,2023-05-09 00:11:05,1.6206399999999999,1.62093
673,2023-05-09 00:11:06,1.62063,1.62092
674,2023-05-09 00:11:06,1.62061,1.6209
675,2023-05-09 00:11:07,1.62062,1.6209099999999999
676,2023-05-09 00:11:07,1.6206399999999999,1.62093
677,2023-05-09 00:11:07,1.62063,1.62092
678,2023-05-09 00:11:08,1.62062,1.6209099999999999
679,2023-05-09 00:11:10,1.6206,1.6208900000000002
680,2023-05-09 00:11:11,1.62053,1.6208200000000001
681,2023-05-09 00:11:15,1.62054,1.62083
682,2023-05-09 00:11:16,1.6205500000000002,1.6208399999999998
683,2023-05-09 00:11:17,1.62051,1.6208
684,2023-05-09 00:11:18,1.6205,1.62079
685,2023-05-09 00:11:19,1.62051,1.6208
686,2023-05-09 00:11:22,1.6205699999999998,1.62086
687,2023-05-09 00:11:22,1.62052,1.62081
688,2023-05-09 00:11:23,1.62053,1.6208200000000001
689,2023-05-09 00:11:26,1.6205,1.62079
690,2023-05-09 00:11:31,1.62049,1.6207799999999999
691,2023-05-09 00:11:35,1.6205,1.62079
692,2023-05-09 00:11:37,1.62049,1.6207799999999999
693,2023-05-09 00:11:37,1.6205,1.62079
694,2023-05-09 00:11:37,1.62047,1.62076
695,2023-05-09 00:11:39,1.62054,1.62083
696,2023-05-09 00:11:40,1.62052,1.62081
697,2023-05-09 00:11:40,1.62045,1.62074
698,2023-05-09 00:11:44,1.62046,1.6207500000000001
699,2023-05-09 00:11:44,1.62045,1.62074
700,2023-05-09 00:11:44,1.62043,1.62072
701,2023-05-09 00:11:45,1.6204399999999999,1.62073
702,2023-05-09 00:11:45,1.62047,1.62076
703,2023-05-09 00:11:45,1.62045,1.62074
704,2023-05-09 00:11:46,1.62043,1.62072
705,2023-05-09 00:11:46,1.6204100000000001,1.6207
706,2023-05-09 00:11:46,1.62039,1.6206800000000001
707,2023-05-09 00:11:46,1.62042,1.6207099999999999
708,2023-05-09 00:11:50,1.62043,1.62072
709,2023-05-09 00:11:52,1.62045,1.62074
710,2023-05-09 00:11:52,1.62043,1.62072
711,2023-05-09 00:11:57,1.62045,1.62074
712,2023-05-09 00:11:59,1.62049,1.6207799999999999
713,2023-05-09 00:11:59,1.6204399999999999,1.62073
714,2023-05-09 00:12:00,1.62043,1.62072
715,2023-05-09 00:12:00,1.6204399999999999,1.62073
716,2023-05-09 00:12:00,1.62051,1.6208
717,2023-05-09 00:12:04,1.62052,1.62081
718,2023-05-09 00:12:05,1.62051,1.6208
719,2023-05-09 00:12:06,1.62052,1.62081
720,2023-05-09 00:12:07,1.6205,1.62079
721,2023-05-09 00:12:07,1.6204800000000001,1.62077
722,2023-05-09 00:12:08,1.62047,1.62076
723,2023-05-09 00:12:08,1.62046,1.6207500000000001
724,2023-05-09 00:12:11,1.62045,1.62074
725,2023-05-09 00:12:17,1.62043,1.62072
726,2023-05-09 00:12:20,1.6204800000000001,1.62077
727,2023-05-09 00:12:20,1.62051,1.6208
728,2023-05-09 00:12:21,1.6204399999999999,1.62073
729,2023-05-09 00:12:27,1.62046,1.6207500000000001
730,2023-05-09 00:12:32,1.62047,1.62076
731,2023-05-09 00:12:33,1.62046,1.6207500000000001
732,2023-05-09 00:12:38,1.62045,1.62074
733,2023-05-09 00:12:38,1.6204399999999999,1.62073
734,2023-05-09 00:12:41,1.62045,1.62074
735,2023-05-09 00:12:44,1.6204399999999999,1.62073
736,2023-05-09 00:12:48,1.62045,1.62074
737,2023-05-09 00:12:48,1.62046,1.6207500000000001
738,2023-05-09 00:12:48,1.62047,1.62076
739,2023-05-09 00:12:50,1.6204800000000001,1.62077
740,2023-05-09 00:12:51,1.62049,1.6207799999999999
741,2023-05-09 00:12:53,1.62047,1.62076
742,2023-05-09 00:12:55,1.62051,1.6208
743,2023-05-09 00:12:55,1.62054,1.62083
744,2023-05-09 00:12:55,1.62051,1.6208
745,2023-05-09 00:12:55,1.62049,1.6207799999999999
746,2023-05-09 00:12:58,1.6204399999999999,1.62073
747,2023-05-09 00:12:59,1.62045,1.62074
748,2023-05-09 00:12:59,1.62043,1.62072
749,2023-05-09 00:12:59,1.6204399999999999,1.62073
750,2023-05-09 00:13:00,1.62043,1.62072
751,2023-05-09 00:13:00,1.62042,1.6207099999999999
752,2023-05-09 00:13:00,1.6204100000000001,1.6207
753,2023-05-09 00:13:04,1.62043,1.62072
754,2023-05-09 00:13:06,1.62045,1.62074
755,2023-05-09 00:13:08,1.62046,1.6207500000000001
756,2023-05-09 00:13:08,1.6204100000000001,1.6207
757,2023-05-09 00:13:08,1.62042,1.6207099999999999
758,2023-05-09 00:13:09,1.62043,1.62072
759,2023-05-09 00:13:10,1.6204,1.62069
760,2023-05-09 00:13:10,1.62039,1.6206800000000001
761,2023-05-09 00:13:10,1.6204,1.62069
762,2023-05-09 00:13:11,1.62038,1.62067
763,2023-05-09 00:13:14,1.6204100000000001,1.6207
764,2023-05-09 00:13:16,1.6204,1.62069
765,2023-05-09 00:13:16,1.62043,1.62072
766,2023-05-09 00:13:16,1.62042,1.6207099999999999
767,2023-05-09 00:13:17,1.6204,1.62069
768,2023-05-09 00:13:18,1.62045,1.62074
769,2023-05-09 00:13:19,1.6204399999999999,1.62073
770,2023-05-09 00:13:20,1.62046,1.6207500000000001
771,2023-05-09 00:13:20,1.62045,1.62074
772,2023-05-09 00:13:20,1.62046,1.6207500000000001
773,2023-05-09 00:13:21,1.62047,1.62076
774,2023-05-09 00:13:21,1.6204800000000001,1.62077
775,2023-05-09 00:13:23,1.62047,1.62076
776,2023-05-09 00:13:24,1.62053,1.6208200000000001
777,2023-05-09 00:13:24,1.62046,1.6207500000000001
778,2023-05-09 00:13:26,1.62047,1.62076
779,2023-05-09 00:13:27,1.62046,1.6207500000000001
780,2023-05-09 00:13:28,1.62047,1.62076
781,2023-05-09 00:13:28,1.62045,1.62074
782,2023-05-09 00:13:29,1.62046,1.6207500000000001
783,2023-05-09 00:13:29,1.62047,1.62076
784,2023-05-09 00:13:30,1.6204800000000001,1.62077
785,2023-05-09 00:13:34,1.62045,1.62074
786,2023-05-09 00:13:35,1.6204399999999999,1.62073
787,2023-05-09 00:13:39,1.62046,1.6207500000000001
788,2023-05-09 00:13:39,1.6204399999999999,1.62073
789,2023-05-09 00:13:44,1.62043,1.62072
790,2023-05-09 00:13:44,1.62042,1.6207099999999999
791,2023-05-09 00:13:44,1.62045,1.62074
792,2023-05-09 00:13:45,1.6204800000000001,1.62077
793,2023-05-09 00:13:46,1.62047,1.62076
794,2023-05-09 00:13:46,1.6204800000000001,1.62077
795,2023-05-09 00:13:47,1.62049,1.6207799999999999
796,2023-05-09 00:13:48,1.6204800000000001,1.62077
797,2023-05-09 00:13:48,1.62051,1.6208
798,2023-05-09 00:13:49,1.62047,1.62076
799,2023-05-09 00:13:49,1.6205500000000002,1.6208399999999998
800,2023-05-09 00:13:49,1.62065,1.62094
801,2023-05-09 00:13:50,1.62062,1.6209099999999999
802,2023-05-09 00:13:50,1.62061,1.6209
803,2023-05-09 00:13:51,1.62062,1.6209099999999999
804,2023-05-09 00:13:51,1.62063,1.62092
805,2023-05-09 00:13:52,1.6206800000000001,1.62097
806,2023-05-09 00:13:53,1.6207,1.62099
807,2023-05-09 00:13:53,1.6207099999999999,1.621
808,2023-05-09 00:13:53,1.6206800000000001,1.62097
809,2023-05-09 00:13:54,1.6207,1.62099
810,2023-05-09 00:13:54,1.6206800000000001,1.62097
811,2023-05-09 00:13:54,1.62067,1.62096
812,2023-05-09 00:13:56,1.62066,1.6209500000000001
813,2023-05-09 00:14:00,1.62067,1.62096
814,2023-05-09 00:14:01,1.62072,1.62101
815,2023-05-09 00:14:04,1.62069,1.6209799999999999
816,2023-05-09 00:14:07,1.6207099999999999,1.621
817,2023-05-09 00:14:07,1.6207,1.62099
818,2023-05-09 00:14:08,1.62067,1.62096
819,2023-05-09 00:14:08,1.62069,1.6209799999999999
820,2023-05-09 00:14:09,1.62073,1.6210200000000001
821,2023-05-09 00:14:09,1.62072,1.62101
822,2023-05-09 00:14:10,1.62077,1.62106
823,2023-05-09 00:14:10,1.6207799999999999,1.62107
824,2023-05-09 00:14:10,1.62077,1.62106
825,2023-05-09 00:14:11,1.6207799999999999,1.62107
826,2023-05-09 00:14:11,1.62077,1.62106
827,2023-05-09 00:14:12,1.6207799999999999,1.62107
828,2023-05-09 00:14:12,1.62077,1.62106
829,2023-05-09 00:14:13,1.62076,1.6210499999999999
830,2023-05-09 00:14:15,1.6207099999999999,1.621
831,2023-05-09 00:14:18,1.6206399999999999,1.62093
832,2023-05-09 00:14:18,1.62065,1.62094
833,2023-05-09 00:14:18,1.6206399999999999,1.62093
834,2023-05-09 00:14:19,1.62061,1.6209
835,2023-05-09 00:14:19,1.6206,1.6208900000000002
836,2023-05-09 00:14:21,1.62058,1.62087
837,2023-05-09 00:14:23,1.62056,1.62085
838,2023-05-09 00:14:23,1.6205500000000002,1.6208399999999998
839,2023-05-09 00:14:24,1.62056,1.62085
840,2023-05-09 00:14:25,1.6205500000000002,1.6208399999999998
841,2023-05-09 00:14:25,1.62051,1.6208
842,2023-05-09 00:14:25,1.62053,1.6208200000000001
843,2023-05-09 00:14:26,1.62052,1.62081
844,2023-05-09 00:14:26,1.62053,1.6208200000000001
845,2023-05-09 00:14:28,1.62052,1.62081
846,2023-05-09 00:14:28,1.62051,1.6208
847,2023-05-09 00:14:28,1.62052,1.62081
848,2023-05-09 00:14:29,1.6205,1.62079
849,2023-05-09 00:14:29,1.62051,1.6208
850,2023-05-09 00:14:29,1.6204800000000001,1.62077
851,2023-05-09 00:14:35,1.62054,1.62083
852,2023-05-09 00:14:35,1.62059,1.62088
853,2023-05-09 00:14:36,1.6206,1.6208900000000002
854,2023-05-09 00:14:37,1.62059,1.62088
855,2023-05-09 00:14:37,1.62058,1.62087
856,2023-05-09 00:14:38,1.6205699999999998,1.62086
857,2023-05-09 00:14:39,1.6205500000000002,1.6208399999999998
858,2023-05-09 00:14:40,1.62054,1.62083
859,2023-05-09 00:14:41,1.62051,1.6208
860,2023-05-09 00:14:42,1.62056,1.62085
861,2023-05-09 00:14:42,1.6205699999999998,1.62086
862,2023-05-09 00:14:45,1.62058,1.62087
863,2023-05-09 00:14:46,1.6206,1.6208900000000002
864,2023-05-09 00:14:47,1.62061,1.6209
865,2023-05-09 00:14:48,1.6206,1.6208900000000002
866,2023-05-09 00:14:49,1.62058,1.62087
867,2023-05-09 00:14:50,1.6205500000000002,1.6208399999999998
868,2023-05-09 00:14:52,1.62053,1.6208200000000001
869,2023-05-09 00:14:52,1.62054,1.62083
870,2023-05-09 00:14:53,1.6205500000000002,1.6208399999999998
871,2023-05-09 00:14:54,1.62054,1.62083
872,2023-05-09 00:14:54,1.6205500000000002,1.6208399999999998
873,2023-05-09 00:14:55,1.62054,1.62083
874,2023-05-09 00:14:55,1.62058,1.62087
875,2023-05-09 00:14:57,1.62052,1.62081
876,2023-05-09 00:14:57,1.62051,1.6208
877,2023-05-09 00:14:58,1.62053,1.6208200000000001
878,2023-05-09 00:14:58,1.62054,1.62083
879,2023-05-09 00:14:58,1.62052,1.62081
880,2023-05-09 00:14:59,1.62051,1.6208
881,2023-05-09 00:15:00,1.62051,1.6208
882,2023-05-09 00:15:00,1.6205,1.62079
883,2023-05-09 00:15:01,1.62047,1.62076
884,2023-05-09 00:15:01,1.6204800000000001,1.62077
885,2023-05-09 00:15:02,1.6205,1.62079
886,2023-05-09 00:15:02,1.62051,1.6208
887,2023-05-09 00:15:03,1.6204800000000001,1.62077
888,2023-05-09 00:15:03,1.62047,1.62076
889,2023-05-09 00:15:03,1.62046,1.6207500000000001
890,2023-05-09 00:15:03,1.62042,1.6207099999999999
891,2023-05-09 00:15:04,1.6204,1.62069
892,2023-05-09 00:15:04,1.62038,1.62067
893,2023-05-09 00:15:05,1.6203699999999999,1.62066
894,2023-05-09 00:15:06,1.62036,1.62065
895,2023-05-09 00:15:06,1.6204,1.62069
896,2023-05-09 00:15:08,1.62038,1.62067
897,2023-05-09 00:15:08,1.62039,1.6206800000000001
898,2023-05-09 00:15:08,1.6203400000000001,1.62063
899,2023-05-09 00:15:09,1.62035,1.6206399999999999
900,2023-05-09 00:15:11,1.6203699999999999,1.62066
901,2023-05-09 00:15:18,1.62038,1.62067
902,2023-05-09 00:15:20,1.62043,1.62072
903,2023-05-09 00:15:21,1.62045,1.62074
904,2023-05-09 00:15:23,1.6204399999999999,1.62073
905,2023-05-09 00:15:23,1.62045,1.62074
906,2023-05-09 00:15:25,1.6204399999999999,1.62073
907,2023-05-09 00:15:28,1.62045,1.62074
908,2023-05-09 00:15:29,1.6204100000000001,1.6207
909,2023-05-09 00:15:29,1.62038,1.62067
910,2023-05-09 00:15:30,1.6204,1.62069
911,2023-05-09 00:15:31,1.6204100000000001,1.6207
912,2023-05-09 00:15:32,1.62042,1.6207099999999999
913,2023-05-09 00:15:33,1.62046,1.6207500000000001
914,2023-05-09 00:15:34,1.6205,1.62079
915,2023-05-09 00:15:34,1.62052,1.62081
916,2023-05-09 00:15:35,1.6205,1.62079
917,2023-05-09 00:15:35,1.6204800000000001,1.62077
918,2023-05-09 00:15:36,1.62047,1.62076
919,2023-05-09 00:15:36,1.62049,1.6207799999999999
920,2023-05-09 00:15:39,1.62045,1.62074
921,2023-05-09 00:15:40,1.6204800000000001,1.62077
922,2023-05-09 00:15:40,1.62049,1.6207799999999999
923,2023-05-09 00:15:42,1.62051,1.6208
924,2023-05-09 00:15:44,1.6204800000000001,1.62077
925,2023-05-09 00:15:45,1.6204399999999999,1.62073
926,2023-05-09 00:15:46,1.62045,1.62074
927,2023-05-09 00:15:49,1.62047,1.62076
928,2023-05-09 00:15:49,1.62046,1.6207500000000001
929,2023-05-09 00:15:49,1.6204800000000001,1.62077
930,2023-05-09 00:15:49,1.6204399999999999,1.62073
931,2023-05-09 00:15:50,1.62045,1.62074
932,2023-05-09 00:15:50,1.62047,1.62076
933,2023-05-09 00:15:51,1.6204800000000001,1.62077
934,2023-05-09 00:15:51,1.62046,1.6207500000000001
935,2023-05-09 00:15:53,1.62049,1.6207799999999999
936,2023-05-09 00:15:55,1.62051,1.6208
937,2023-05-09 00:15:55,1.62049,1.6207799999999999
938,2023-05-09 00:15:56,1.6205,1.62079
939,2023-05-09 00:15:56,1.62049,1.6207799999999999
940,2023-05-09 00:15:57,1.6204800000000001,1.62077
941,2023-05-09 00:15:57,1.62047,1.62076
942,2023-05-09 00:16:00,1.62047,1.62076
943,2023-05-09 00:16:00,1.62045,1.62074
944,2023-05-09 00:16:00,1.62046,1.6207500000000001
945,2023-05-09 00:16:00,1.6204399999999999,1.62073
946,2023-05-09 00:16:01,1.62049,1.6207799999999999
947,2023-05-09 00:16:01,1.6205,1.62079
948,2023-05-09 00:16:02,1.6204800000000001,1.62077
949,2023-05-09 00:16:03,1.62047,1.62076
950,2023-05-09 00:16:03,1.62046,1.6207500000000001
951,2023-05-09 00:16:03,1.62047,1.62076
952,2023-05-09 00:16:05,1.62046,1.6207500000000001
953,2023-05-09 00:16:05,1.62045,1.62074
954,2023-05-09 00:16:07,1.6204399999999999,1.62073
955,2023-05-09 00:16:08,1.62043,1.62072
956,2023-05-09 00:16:10,1.6204100000000001,1.6207
957,2023-05-09 00:16:11,1.62042,1.6207099999999999
958,2023-05-09 00:16:15,1.6204100000000001,1.6207
959,2023-05-09 00:16:15,1.6204,1.62069
960,2023-05-09 00:16:16,1.62039,1.6206800000000001
961,2023-05-09 00:16:20,1.6204,1.62069
962,2023-05-09 00:16:21,1.62043,1.62072
963,2023-05-09 00:16:21,1.62035,1.6206399999999999
964,2023-05-09 00:16:22,1.62036,1.62065
965,2023-05-09 00:16:23,1.6203699999999999,1.62066
966,2023-05-09 00:16:25,1.6204100000000001,1.6207
967,2023-05-09 00:16:25,1.62043,1.62072
968,2023-05-09 00:16:26,1.6204100000000001,1.6207
969,2023-05-09 00:16:27,1.62039,1.6206800000000001
970,2023-05-09 00:16:28,1.62038,1.62067
971,2023-05-09 00:16:28,1.62036,1.62065
972,2023-05-09 00:16:29,1.62038,1.62067
973,2023-05-09 00:16:29,1.62039,1.6206800000000001
974,2023-05-09 00:16:31,1.62038,1.62067
975,2023-05-09 00:16:32,1.6204,1.62069
976,2023-05-09 00:16:34,1.62047,1.62076
977,2023-05-09 00:16:41,1.6204399999999999,1.62073
978,2023-05-09 00:16:42,1.62043,1.62072
979,2023-05-09 00:16:42,1.62045,1.62074
980,2023-05-09 00:16:43,1.62043,1.62072
981,2023-05-09 00:16:45,1.6204399999999999,1.62073
982,2023-05-09 00:16:45,1.62045,1.62074
983,2023-05-09 00:16:47,1.62043,1.62072
984,2023-05-09 00:16:49,1.6204,1.62069
985,2023-05-09 00:16:50,1.62042,1.6207099999999999
986,2023-05-09 00:16:51,1.62043,1.62072
987,2023-05-09 00:16:51,1.62042,1.6207099999999999
988,2023-05-09 00:16:55,1.62039,1.6206800000000001
989,2023-05-09 00:16:55,1.62038,1.62067
990,2023-05-09 00:16:56,1.62039,1.6206800000000001
991,2023-05-09 00:16:56,1.6204,1.62069
992,2023-05-09 00:16:56,1.6204100000000001,1.6207
993,2023-05-09 00:16:56,1.6204399999999999,1.62073
994,2023-05-09 00:16:57,1.62042,1.6207099999999999
995,2023-05-09 00:16:57,1.62039,1.6206800000000001
996,2023-05-09 00:16:58,1.62042,1.6207099999999999
997,2023-05-09 00:16:58,1.62038,1.62067
998,2023-05-09 00:17:00,1.6204,1.62069
999,2023-05-09 00:17:01,1.62033,1.62062
1000,2023-05-09 00:17:01,1.62032,1.62061
1001,2023-05-09 00:17:02,1.6203400000000001,1.62063
1002,2023-05-09 00:17:02,1.62035,1.6206399999999999
1003,2023-05-09 00:17:03,1.62038,1.62067
1004,2023-05-09 00:17:04,1.6203699999999999,1.62066
1005,2023-05-09 00:17:04,1.62036,1.62065
1006,2023-05-09 00:17:07,1.62035,1.6206399999999999
1007,2023-05-09 00:17:07,1.6204,1.62069
1008,2023-05-09 00:17:08,1.62038,1.62067
1009,2023-05-09 00:17:09,1.62039,1.6206800000000001
1010,2023-05-09 00:17:11,1.6203699999999999,1.62066
1011,2023-05-09 00:17:11,1.6203400000000001,1.62063
1012,2023-05-09 00:17:12,1.62027,1.62056
1013,2023-05-09 00:17:12,1.62024,1.62053
1014,2023-05-09 00:17:13,1.62022,1.62051
1015,2023-05-09 00:17:16,1.6202,1.62049
1016,2023-05-09 00:17:16,1.6202299999999998,1.62052
1017,2023-05-09 00:17:17,1.6202,1.62049
1018,2023-05-09 00:17:17,1.62024,1.62053
1019,2023-05-09 00:17:17,1.62022,1.62051
1020,2023-05-09 00:17:18,1.6202,1.62049
1021,2023-05-09 00:17:18,1.62019,1.6204800000000001
1022,2023-05-09 00:17:19,1.62018,1.62047
1023,2023-05-09 00:17:21,1.62022,1.62051
1024,2023-05-09 00:17:22,1.62019,1.6204800000000001
1025,2023-05-09 00:17:26,1.6201699999999999,1.62046
1026,2023-05-09 00:17:26,1.6202,1.62049
1027,2023-05-09 00:17:26,1.6201400000000001,1.62043
1028,2023-05-09 00:17:27,1.6201699999999999,1.62046
1029,2023-05-09 00:17:28,1.62016,1.62045
1030,2023-05-09 00:17:31,1.62015,1.6204399999999999
1031,2023-05-09 00:17:33,1.62018,1.62047
1032,2023-05-09 00:17:36,1.6202,1.62049
1033,2023-05-09 00:17:37,1.6202100000000002,1.6205
1034,2023-05-09 00:17:37,1.6201699999999999,1.62046
1035,2023-05-09 00:17:38,1.6202,1.62049
1036,2023-05-09 00:17:43,1.62013,1.62042
1037,2023-05-09 00:17:43,1.62015,1.6204399999999999
1038,2023-05-09 00:17:44,1.62019,1.6204800000000001
1039,2023-05-09 00:17:45,1.62016,1.62045
1040,2023-05-09 00:17:47,1.62018,1.62047
1041,2023-05-09 00:17:49,1.6202,1.62049
1042,2023-05-09 00:17:53,1.6201699999999999,1.62046
1043,2023-05-09 00:17:53,1.62016,1.62045
1044,2023-05-09 00:17:56,1.62013,1.62042
1045,2023-05-09 00:17:56,1.62018,1.62047
1046,2023-05-09 00:17:56,1.62019,1.6204800000000001
1047,2023-05-09 00:17:58,1.6201699999999999,1.62046
1048,2023-05-09 00:18:00,1.6201699999999999,1.62046
1049,2023-05-09 00:18:00,1.62019,1.6204800000000001
1050,2023-05-09 00:18:01,1.62022,1.62051
1051,2023-05-09 00:18:03,1.62025,1.62054
1052,2023-05-09 00:18:04,1.6202,1.62049
1053,2023-05-09 00:18:04,1.62019,1.6204800000000001
1054,2023-05-09 00:18:04,1.62018,1.62047
1055,2023-05-09 00:18:05,1.6202299999999998,1.62052
1056,2023-05-09 00:18:06,1.6202,1.62049
1057,2023-05-09 00:18:07,1.6202299999999998,1.62052
1058,2023-05-09 00:18:08,1.62019,1.6204800000000001
1059,2023-05-09 00:18:08,1.62022,1.62051
1060,2023-05-09 00:18:10,1.62025,1.62054
1061,2023-05-09 00:18:15,1.62026,1.6205500000000002
1062,2023-05-09 00:18:15,1.62029,1.62058
1063,2023-05-09 00:18:16,1.6202800000000002,1.6205699999999998
1064,2023-05-09 00:18:17,1.62029,1.62058
1065,2023-05-09 00:18:18,1.6202999999999999,1.62059
1066,2023-05-09 00:18:22,1.62033,1.62062
1067,2023-05-09 00:18:28,1.62027,1.62056
1068,2023-05-09 00:18:28,1.62025,1.62054
1069,2023-05-09 00:18:32,1.62027,1.62056
1070,2023-05-09 00:18:32,1.62026,1.6205500000000002
1071,2023-05-09 00:18:38,1.62024,1.62053
1072,2023-05-09 00:18:38,1.62022,1.62051
1073,2023-05-09 00:18:44,1.6202299999999998,1.62052
1074,2023-05-09 00:18:46,1.62032,1.62061
1075,2023-05-09 00:18:48,1.62031,1.6206
1076,2023-05-09 00:18:51,1.62027,1.62056
1077,2023-05-09 00:18:51,1.62026,1.6205500000000002
1078,2023-05-09 00:18:57,1.62033,1.62062
1079,2023-05-09 00:18:59,1.6203400000000001,1.62063
1080,2023-05-09 00:19:00,1.6203400000000001,1.62063
1081,2023-05-09 00:19:01,1.62036,1.62065
1082,2023-05-09 00:19:02,1.62039,1.6206800000000001
1083,2023-05-09 00:19:03,1.62036,1.62065
1084,2023-05-09 00:19:05,1.62035,1.6206399999999999
1085,2023-05-09 00:19:05,1.62036,1.62065
1086,2023-05-09 00:19:05,1.62038,1.62067
1087,2023-05-09 00:19:06,1.62036,1.62065
1088,2023-05-09 00:19:08,1.62035,1.6206399999999999
1089,2023-05-09 00:19:08,1.62036,1.62065
1090,2023-05-09 00:19:08,1.62033,1.62062
1091,2023-05-09 00:19:10,1.62031,1.6206
1092,2023-05-09 00:19:10,1.62029,1.62058
1093,2023-05-09 00:19:16,1.6202999999999999,1.62059
1094,2023-05-09 00:19:18,1.6203699999999999,1.62066
1095,2023-05-09 00:19:18,1.6203400000000001,1.62063
1096,2023-05-09 00:19:19,1.6204100000000001,1.6207
1097,2023-05-09 00:19:19,1.6204,1.62069
1098,2023-05-09 00:19:23,1.62042,1.6207099999999999
1099,2023-05-09 00:19:25,1.6204100000000001,1.6207
1100,2023-05-09 00:19:25,1.62042,1.6207099999999999
1101,2023-05-09 00:19:30,1.62039,1.6206800000000001
1102,2023-05-09 00:19:30,1.6203699999999999,1.62066
1103,2023-05-09 00:19:31,1.62039,1.6206800000000001
1104,2023-05-09 00:19:31,1.6204100000000001,1.6207
1105,2023-05-09 00:19:34,1.62038,1.62067
1106,2023-05-09 00:19:36,1.6204100000000001,1.6207
1107,2023-05-09 00:19:40,1.62032,1.62061
1108,2023-05-09 00:19:40,1.62031,1.6206
1109,2023-05-09 00:19:40,1.6202800000000002,1.6205699999999998
1110,2023-05-09 00:19:42,1.62026,1.6205500000000002
1111,2023-05-09 00:19:44,1.6202800000000002,1.6205699999999998
1112,2023-05-09 00:19:49,1.6202999999999999,1.62059
1113,2023-05-09 00:19:50,1.6203699999999999,1.62066
1114,2023-05-09 00:19:50,1.62036,1.62065
1115,2023-05-09 00:19:50,1.6203699999999999,1.62066
1116,2023-05-09 00:19:52,1.6204,1.62069
1117,2023-05-09 00:19:58,1.6202800000000002,1.6205699999999998
1118,2023-05-09 00:19:58,1.62029,1.62058
1119,2023-05-09 00:19:58,1.62026,1.6205500000000002
1120,2023-05-09 00:19:59,1.62025,1.62054
1121,2023-05-09 00:19:59,1.62026,1.6205500000000002
1122,2023-05-09 00:20:00,1.62026,1.6205500000000002
1123,2023-05-09 00:20:00,1.62033,1.62062
1124,2023-05-09 00:20:04,1.62029,1.62058
1125,2023-05-09 00:20:04,1.62039,1.6206800000000001
1126,2023-05-09 00:20:06,1.62042,1.6207099999999999
1127,2023-05-09 00:20:07,1.62038,1.62067
1128,2023-05-09 00:20:08,1.62039,1.6206800000000001
1129,2023-05-09 00:20:08,1.6203699999999999,1.62066
1130,2023-05-09 00:20:15,1.62033,1.62062
1131,2023-05-09 00:20:15,1.62032,1.62061
1132,2023-05-09 00:20:16,1.62036,1.62065
1133,2023-05-09 00:20:19,1.62038,1.62067
1134,2023-05-09 00:20:19,1.62039,1.6206800000000001
1135,2023-05-09 00:20:19,1.62038,1.62067
1136,2023-05-09 00:20:20,1.62036,1.62065
1137,2023-05-09 00:20:20,1.62035,1.6206399999999999
1138,2023-05-09 00:20:21,1.62038,1.62067
1139,2023-05-09 00:20:21,1.62043,1.62072
1140,2023-05-09 00:20:21,1.6204100000000001,1.6207
1141,2023-05-09 00:20:22,1.62038,1.62067
1142,2023-05-09 00:20:23,1.6204100000000001,1.6207
1143,2023-05-09 00:20:24,1.6204,1.62069
1144,2023-05-09 00:20:25,1.6204100000000001,1.6207
1145,2023-05-09 00:20:25,1.6203699999999999,1.62066
1146,2023-05-09 00:20:25,1.62038,1.62067
1147,2023-05-09 00:20:28,1.62042,1.6207099999999999
1148,2023-05-09 00:20:29,1.62045,1.62074
1149,2023-05-09 00:20:30,1.6204399999999999,1.62073
1150,2023-05-09 00:20:30,1.62045,1.62074
1151,2023-05-09 00:20:33,1.6204800000000001,1.62077
1152,2023-05-09 00:20:33,1.62047,1.62076
1153,2023-05-09 00:20:36,1.6204800000000001,1.62077
1154,2023-05-09 00:20:37,1.62046,1.6207500000000001
1155,2023-05-09 00:20:37,1.62043,1.62072
1156,2023-05-09 00:20:45,1.6204100000000001,1.6207
1157,2023-05-09 00:20:46,1.6204,1.62069
1158,2023-05-09 00:20:46,1.6204100000000001,1.6207
1159,2023-05-09 00:20:48,1.62038,1.62067
1160,2023-05-09 00:20:54,1.62043,1.62072
1161,2023-05-09 00:20:55,1.62042,1.6207099999999999
1162,2023-05-09 00:20:55,1.62043,1.62072
1163,2023-05-09 00:20:56,1.62042,1.6207099999999999
1164,2023-05-09 00:20:56,1.62043,1.62072
1165,2023-05-09 00:20:56,1.62042,1.6207099999999999
1166,2023-05-09 00:20:57,1.62043,1.62072
1167,2023-05-09 00:20:58,1.6204100000000001,1.6207
1168,2023-05-09 00:20:58,1.6204399999999999,1.62073
1169,2023-05-09 00:21:00,1.62046,1.6207500000000001
1170,2023-05-09 00:21:00,1.62039,1.6206800000000001
1171,2023-05-09 00:21:01,1.6203400000000001,1.62063
1172,2023-05-09 00:21:06,1.6203699999999999,1.62066
1173,2023-05-09 00:21:07,1.62039,1.6206800000000001
1174,2023-05-09 00:21:07,1.6204100000000001,1.6207
1175,2023-05-09 00:21:09,1.6203699999999999,1.62066
1176,2023-05-09 00:21:09,1.6204,1.62069
1177,2023-05-09 00:21:11,1.62039,1.6206800000000001
1178,2023-05-09 00:21:15,1.6203699999999999,1.62066
1179,2023-05-09 00:21:16,1.6204100000000001,1.6207
1180,2023-05-09 00:21:16,1.62038,1.62067
1181,2023-05-09 00:21:18,1.6204100000000001,1.6207
1182,2023-05-09 00:21:22,1.62046,1.6207500000000001
1183,2023-05-09 00:21:22,1.6204399999999999,1.62073
1184,2023-05-09 00:21:23,1.62042,1.6207099999999999
1185,2023-05-09 00:21:24,1.6204800000000001,1.62077
1186,2023-05-09 00:21:25,1.62047,1.62076
1187,2023-05-09 00:21:35,1.6204800000000001,1.62077
1188,2023-05-09 00:21:42,1.62049,1.6207799999999999
1189,2023-05-09 00:21:44,1.62054,1.62083
1190,2023-05-09 00:21:46,1.62052,1.62081
1191,2023-05-09 00:21:49,1.62049,1.6207799999999999
1192,2023-05-09 00:21:57,1.6205,1.62079
1193,2023-05-09 00:22:00,1.62054,1.62083
1194,2023-05-09 00:22:01,1.6205500000000002,1.6208399999999998
1195,2023-05-09 00:22:02,1.6205,1.62079
1196,2023-05-09 00:22:02,1.62058,1.62087
1197,2023-05-09 00:22:03,1.6205699999999998,1.62086
1198,2023-05-09 00:22:03,1.62059,1.62088
1199,2023-05-09 00:22:06,1.62058,1.62087
1200,2023-05-09 00:22:07,1.62056,1.62085
1201,2023-05-09 00:22:07,1.62061,1.6209
1202,2023-05-09 00:22:08,1.6206,1.6208900000000002
1203,2023-05-09 00:22:08,1.62061,1.6209
1204,2023-05-09 00:22:10,1.6206399999999999,1.62093
1205,2023-05-09 00:22:10,1.62063,1.62092
1206,2023-05-09 00:22:11,1.6206399999999999,1.62093
1207,2023-05-09 00:22:11,1.62063,1.62092
1208,2023-05-09 00:22:12,1.62067,1.62096
1209,2023-05-09 00:22:14,1.62066,1.6209500000000001
1210,2023-05-09 00:22:15,1.62067,1.62096
1211,2023-05-09 00:22:16,1.62066,1.6209500000000001
1212,2023-05-09 00:22:16,1.62067,1.62096
1213,2023-05-09 00:22:16,1.6206399999999999,1.62093
1214,2023-05-09 00:22:20,1.62062,1.6209099999999999
1215,2023-05-09 00:22:20,1.62058,1.62087
1216,2023-05-09 00:22:21,1.6206,1.6208900000000002
1217,2023-05-09 00:22:21,1.62058,1.62087
1218,2023-05-09 00:22:22,1.6205699999999998,1.62086
1219,2023-05-09 00:22:27,1.62056,1.62085
1220,2023-05-09 00:22:27,1.62054,1.62083
1221,2023-05-09 00:22:31,1.62058,1.62087
1222,2023-05-09 00:22:31,1.6206399999999999,1.62093
1223,2023-05-09 00:22:36,1.62062,1.6209099999999999
1224,2023-05-09 00:22:37,1.6206800000000001,1.62097
1225,2023-05-09 00:22:40,1.62065,1.62094
1226,2023-05-09 00:22:41,1.6206399999999999,1.62093
1227,2023-05-09 00:22:45,1.62061,1.6209
1228,2023-05-09 00:22:46,1.6206,1.6208900000000002
1229,2023-05-09 00:22:47,1.62056,1.62085
1230,2023-05-09 00:22:47,1.6205699999999998,1.62086
1231,2023-05-09 00:22:49,1.62059,1.62088
1232,2023-05-09 00:22:50,1.62062,1.6209099999999999
1233,2023-05-09 00:22:52,1.62061,1.6209
1234,2023-05-09 00:22:54,1.62059,1.62088
1235,2023-05-09 00:22:57,1.6205500000000002,1.6208399999999998
1236,2023-05-09 00:22:57,1.62053,1.6208200000000001
1237,2023-05-09 00:22:58,1.62056,1.62085
1238,2023-05-09 00:22:58,1.62054,1.62083
1239,2023-05-09 00:22:58,1.62052,1.62081
1240,2023-05-09 00:23:00,1.6205500000000002,1.6208399999999998
1241,2023-05-09 00:23:07,1.62052,1.62081
1242,2023-05-09 00:23:11,1.62051,1.6208
1243,2023-05-09 00:23:11,1.62047,1.62076
1244,2023-05-09 00:23:13,1.62043,1.62072
1245,2023-05-09 00:23:13,1.62047,1.62076
1246,2023-05-09 00:23:13,1.62043,1.62072
1247,2023-05-09 00:23:15,1.6204399999999999,1.62073
1248,2023-05-09 00:23:15,1.62043,1.62072
1249,2023-05-09 00:23:17,1.6204399999999999,1.62073
1250,2023-05-09 00:23:17,1.62043,1.62072
1251,2023-05-09 00:23:26,1.6204,1.62069
1252,2023-05-09 00:23:29,1.62049,1.6207799999999999
1253,2023-05-09 00:23:30,1.62052,1.62081
1254,2023-05-09 00:23:30,1.6205,1.62079
1255,2023-05-09 00:23:33,1.62045,1.62074
1256,2023-05-09 00:23:34,1.6204800000000001,1.62077
1257,2023-05-09 00:23:35,1.62047,1.62076
1258,2023-05-09 00:23:36,1.6204800000000001,1.62077
1259,2023-05-09 00:23:36,1.62047,1.62076
1260,2023-05-09 00:23:36,1.62046,1.6207500000000001
1261,2023-05-09 00:23:37,1.62049,1.6207799999999999
1262,2023-05-09 00:23:37,1.6205,1.62079
1263,2023-05-09 00:23:38,1.62051,1.6208
1264,2023-05-09 00:23:40,1.6205,1.62079
1265,2023-05-09 00:23:41,1.62053,1.6208200000000001
1266,2023-05-09 00:23:42,1.62054,1.62083
1267,2023-05-09 00:23:45,1.62052,1.62081
1268,2023-05-09 00:23:46,1.62054,1.62083
1269,2023-05-09 00:23:47,1.62052,1.62081
1270,2023-05-09 00:23:47,1.6205500000000002,1.6208399999999998
1271,2023-05-09 00:23:47,1.62056,1.62085
1272,2023-05-09 00:23:47,1.6205500000000002,1.6208399999999998
1273,2023-05-09 00:23:48,1.62052,1.62081
1274,2023-05-09 00:23:49,1.62051,1.6208
1275,2023-05-09 00:23:50,1.6205,1.62079
1276,2023-05-09 00:23:55,1.62045,1.62074
1277,2023-05-09 00:23:56,1.6204399999999999,1.62073
1278,2023-05-09 00:23:57,1.62046,1.6207500000000001
1279,2023-05-09 00:23:58,1.62047,1.62076
1280,2023-05-09 00:23:59,1.62046,1.6207500000000001
1281,2023-05-09 00:24:00,1.62046,1.6207500000000001
1282,2023-05-09 00:24:06,1.62052,1.62081
1283,2023-05-09 00:24:07,1.62054,1.62083
1284,2023-05-09 00:24:08,1.62056,1.62085
1285,2023-05-09 00:24:08,1.62053,1.6208200000000001
1286,2023-05-09 00:24:17,1.6204800000000001,1.62077
1287,2023-05-09 00:24:18,1.62052,1.62081
1288,2023-05-09 00:24:18,1.6205500000000002,1.6208399999999998
1289,2023-05-09 00:24:23,1.62053,1.6208200000000001
1290,2023-05-09 00:24:23,1.62051,1.6208
1291,2023-05-09 00:24:24,1.62049,1.6207799999999999
1292,2023-05-09 00:24:27,1.62052,1.62081
1293,2023-05-09 00:24:28,1.62051,1.6208
1294,2023-05-09 00:24:31,1.62043,1.62072
1295,2023-05-09 00:24:31,1.6204100000000001,1.6207
1296,2023-05-09 00:24:31,1.62045,1.62074
1297,2023-05-09 00:24:32,1.62042,1.6207099999999999
1298,2023-05-09 00:24:32,1.62045,1.62074
1299,2023-05-09 00:24:35,1.62047,1.62076
1300,2023-05-09 00:24:42,1.62049,1.6207799999999999
1301,2023-05-09 00:24:48,1.62052,1.62081
1302,2023-05-09 00:24:48,1.6205,1.62079
1303,2023-05-09 00:24:49,1.62051,1.6208
1304,2023-05-09 00:24:50,1.62049,1.6207799999999999
1305,2023-05-09 00:24:52,1.62051,1.6208
1306,2023-05-09 00:24:52,1.62049,1.6207799999999999
1307,2023-05-09 00:24:53,1.6204800000000001,1.62077
1308,2023-05-09 00:24:53,1.62049,1.6207799999999999
1309,2023-05-09 00:24:58,1.62047,1.62076
1310,2023-05-09 00:24:59,1.62043,1.62072
1311,2023-05-09 00:25:00,1.62043,1.62072
1312,2023-05-09 00:25:01,1.6204800000000001,1.62077
1313,2023-05-09 00:25:06,1.62051,1.6208
1314,2023-05-09 00:25:07,1.6205,1.62079
1315,2023-05-09 00:25:08,1.62051,1.6208
1316,2023-05-09 00:25:09,1.62049,1.6207799999999999
1317,2023-05-09 00:25:09,1.62053,1.6208200000000001
1318,2023-05-09 00:25:09,1.62054,1.62083
1319,2023-05-09 00:25:10,1.6205500000000002,1.6208399999999998
1320,2023-05-09 00:25:12,1.62054,1.62083
1321,2023-05-09 00:25:12,1.62053,1.6208200000000001
1322,2023-05-09 00:25:12,1.62054,1.62083
1323,2023-05-09 00:25:14,1.6205500000000002,1.6208399999999998
1324,2023-05-09 00:25:14,1.62056,1.62085
1325,2023-05-09 00:25:15,1.6205500000000002,1.6208399999999998
1326,2023-05-09 00:25:16,1.62058,1.62087
1327,2023-05-09 00:25:16,1.62062,1.6209099999999999
1328,2023-05-09 00:25:19,1.62061,1.6209
1329,2023-05-09 00:25:21,1.62063,1.62092
1330,2023-05-09 00:25:23,1.6205699999999998,1.62086
1331,2023-05-09 00:25:23,1.6205500000000002,1.6208399999999998
1332,2023-05-09 00:25:23,1.62056,1.62085
1333,2023-05-09 00:25:26,1.62058,1.62087
1334,2023-05-09 00:25:26,1.62061,1.6209
1335,2023-05-09 00:25:27,1.62062,1.6209099999999999
1336,2023-05-09 00:25:29,1.62063,1.62092
1337,2023-05-09 00:25:29,1.62061,1.6209
1338,2023-05-09 00:25:29,1.6206,1.6208900000000002
1339,2023-05-09 00:25:30,1.62063,1.62092
1340,2023-05-09 00:25:32,1.62061,1.6209
1341,2023-05-09 00:25:44,1.62063,1.62092
1342,2023-05-09 00:25:45,1.62062,1.6209099999999999
1343,2023-05-09 00:25:48,1.62058,1.62087
1344,2023-05-09 00:25:48,1.62054,1.62083
1345,2023-05-09 00:25:48,1.62056,1.62085
1346,2023-05-09 00:25:49,1.6205699999999998,1.62086
1347,2023-05-09 00:25:50,1.62058,1.62087
1348,2023-05-09 00:25:51,1.62056,1.62085
1349,2023-05-09 00:25:51,1.6205699999999998,1.62086
1350,2023-05-09 00:25:51,1.62053,1.6208200000000001
1351,2023-05-09 00:25:52,1.62052,1.62081
1352,2023-05-09 00:25:52,1.62053,1.6208200000000001
1353,2023-05-09 00:25:52,1.62052,1.62081
1354,2023-05-09 00:25:53,1.62058,1.62087
1355,2023-05-09 00:25:53,1.62054,1.62083
1356,2023-05-09 00:25:54,1.6205500000000002,1.6208399999999998
1357,2023-05-09 00:25:56,1.62059,1.62088
1358,2023-05-09 00:25:56,1.62061,1.6209
1359,2023-05-09 00:26:00,1.6206,1.6208900000000002
1360,2023-05-09 00:26:00,1.62061,1.6209
1361,2023-05-09 00:26:01,1.6206,1.6208900000000002
1362,2023-05-09 00:26:02,1.62061,1.6209
1363,2023-05-09 00:26:02,1.6206,1.6208900000000002
1364,2023-05-09 00:26:03,1.62061,1.6209
1365,2023-05-09 00:26:04,1.62062,1.6209099999999999
1366,2023-05-09 00:26:04,1.62061,1.6209
1367,2023-05-09 00:26:07,1.62059,1.62088
1368,2023-05-09 00:26:09,1.62062,1.6209099999999999
1369,2023-05-09 00:26:09,1.62066,1.6209500000000001
1370,2023-05-09 00:26:09,1.62065,1.62094
1371,2023-05-09 00:26:10,1.62061,1.6209
1372,2023-05-09 00:26:10,1.62054,1.62083
1373,2023-05-09 00:26:10,1.6205500000000002,1.6208399999999998
1374,2023-05-09 00:26:12,1.62054,1.62083
1375,2023-05-09 00:26:13,1.62049,1.6207799999999999
1376,2023-05-09 00:26:14,1.62046,1.6207500000000001
1377,2023-05-09 00:26:14,1.6204800000000001,1.62077
1378,2023-05-09 00:26:14,1.62051,1.6208
1379,2023-05-09 00:26:14,1.62052,1.62081
1380,2023-05-09 00:26:15,1.62051,1.6208
1381,2023-05-09 00:26:15,1.62052,1.62081
1382,2023-05-09 00:26:20,1.62054,1.62083
1383,2023-05-09 00:26:20,1.62049,1.6207799999999999
1384,2023-05-09 00:26:25,1.62046,1.6207500000000001
1385,2023-05-09 00:26:26,1.62052,1.62081
1386,2023-05-09 00:26:26,1.62049,1.6207799999999999
1387,2023-05-09 00:26:26,1.6204800000000001,1.62077
1388,2023-05-09 00:26:29,1.62049,1.6207799999999999
1389,2023-05-09 00:26:30,1.62053,1.6208200000000001
1390,2023-05-09 00:26:30,1.62056,1.62085
1391,2023-05-09 00:26:33,1.62058,1.62087
1392,2023-05-09 00:26:37,1.62056,1.62085
1393,2023-05-09 00:26:38,1.62059,1.62088
1394,2023-05-09 00:26:38,1.62058,1.62087
1395,2023-05-09 00:26:39,1.6206,1.6208900000000002
1396,2023-05-09 00:26:40,1.62059,1.62088
1397,2023-05-09 00:26:41,1.62058,1.62087
1398,2023-05-09 00:26:41,1.6206,1.6208900000000002
1399,2023-05-09 00:26:42,1.6205699999999998,1.62086
1400,2023-05-09 00:26:46,1.62058,1.62087
1401,2023-05-09 00:26:47,1.6205500000000002,1.6208399999999998
1402,2023-05-09 00:26:48,1.6205699999999998,1.62086
1403,2023-05-09 00:26:49,1.62059,1.62088
1404,2023-05-09 00:26:50,1.62056,1.62085
1405,2023-05-09 00:26:50,1.6206,1.6208900000000002
1406,2023-05-09 00:26:51,1.62056,1.62085
1407,2023-05-09 00:26:51,1.62054,1.62083
1408,2023-05-09 00:26:51,1.62053,1.6208200000000001
1409,2023-05-09 00:26:52,1.62052,1.62081
1410,2023-05-09 00:26:53,1.62053,1.6208200000000001
1411,2023-05-09 00:26:53,1.6205,1.62079
1412,2023-05-09 00:26:53,1.62052,1.62081
1413,2023-05-09 00:26:54,1.62053,1.6208200000000001
1414,2023-05-09 00:26:54,1.62051,1.6208
1415,2023-05-09 00:26:56,1.6204800000000001,1.62077
1416,2023-05-09 00:26:56,1.62045,1.62074
1417,2023-05-09 00:26:56,1.62049,1.6207799999999999
1418,2023-05-09 00:26:57,1.62053,1.6208200000000001
1419,2023-05-09 00:27:00,1.6205,1.62079
1420,2023-05-09 00:27:00,1.62052,1.62081
1421,2023-05-09 00:27:01,1.6205,1.62079
1422,2023-05-09 00:27:01,1.62051,1.6208
1423,2023-05-09 00:27:01,1.62052,1.62081
1424,2023-05-09 00:27:03,1.6204800000000001,1.62077
1425,2023-05-09 00:27:03,1.62047,1.62076
1426,2023-05-09 00:27:03,1.62046,1.6207500000000001
1427,2023-05-09 00:27:04,1.62047,1.62076
1428,2023-05-09 00:27:04,1.62049,1.6207799999999999
1429,2023-05-09 00:27:06,1.62051,1.6208
1430,2023-05-09 00:27:07,1.6205,1.62079
1431,2023-05-09 00:27:08,1.62049,1.6207799999999999
1432,2023-05-09 00:27:09,1.6204800000000001,1.62077
1433,2023-05-09 00:27:09,1.62049,1.6207799999999999
1434,2023-05-09 00:27:09,1.6205,1.62079
1435,2023-05-09 00:27:10,1.62053,1.6208200000000001
1436,2023-05-09 00:27:11,1.62052,1.62081
1437,2023-05-09 00:27:11,1.62049,1.6207799999999999
1438,2023-05-09 00:27:12,1.6205,1.62079
1439,2023-05-09 00:27:12,1.62051,1.6208
1440,2023-05-09 00:27:15,1.62052,1.62081
1441,2023-05-09 00:27:16,1.62053,1.6208200000000001
1442,2023-05-09 00:27:20,1.62052,1.62081
1443,2023-05-09 00:27:21,1.62051,1.6208
1444,2023-05-09 00:27:21,1.62045,1.62074
1445,2023-05-09 00:27:22,1.62047,1.62076
1446,2023-05-09 00:27:22,1.62045,1.62074
1447,2023-05-09 00:27:25,1.6204399999999999,1.62073
1448,2023-05-09 00:27:25,1.62045,1.62074
1449,2023-05-09 00:27:25,1.6204399999999999,1.62073
1450,2023-05-09 00:27:26,1.62045,1.62074
1451,2023-05-09 00:27:29,1.6205,1.62079
1452,2023-05-09 00:27:29,1.62045,1.62074
1453,2023-05-09 00:27:31,1.6204100000000001,1.6207
1454,2023-05-09 00:27:32,1.62046,1.6207500000000001
1455,2023-05-09 00:27:32,1.62047,1.62076
1456,2023-05-09 00:27:33,1.62045,1.62074
1457,2023-05-09 00:27:35,1.62046,1.6207500000000001
1458,2023-05-09 00:27:37,1.62047,1.62076
1459,2023-05-09 00:27:38,1.62046,1.6207500000000001
1460,2023-05-09 00:27:39,1.62047,1.62076
1461,2023-05-09 00:27:41,1.62045,1.62074
1462,2023-05-09 00:27:42,1.62043,1.62072
1463,2023-05-09 00:27:42,1.6203699999999999,1.62066
1464,2023-05-09 00:27:42,1.62036,1.62065
1465,2023-05-09 00:27:44,1.62038,1.62067
1466,2023-05-09 00:27:53,1.6203699999999999,1.62066
1467,2023-05-09 00:27:55,1.62038,1.62067
1468,2023-05-09 00:27:56,1.6204100000000001,1.6207
1469,2023-05-09 00:27:57,1.6204,1.62069
1470,2023-05-09 00:27:59,1.6204100000000001,1.6207
1471,2023-05-09 00:28:00,1.6204100000000001,1.6207
1472,2023-05-09 00:28:04,1.62046,1.6207500000000001
1473,2023-05-09 00:28:04,1.62045,1.62074
1474,2023-05-09 00:28:04,1.62043,1.62072
1475,2023-05-09 00:28:09,1.62042,1.6207099999999999
1476,2023-05-09 00:28:11,1.6204399999999999,1.62073
1477,2023-05-09 00:28:11,1.62047,1.62076
1478,2023-05-09 00:28:21,1.62045,1.62074
1479,2023-05-09 00:28:25,1.62046,1.6207500000000001
1480,2023-05-09 00:28:30,1.6204399999999999,1.62073
1481,2023-05-09 00:28:32,1.62042,1.6207099999999999
1482,2023-05-09 00:28:32,1.6204100000000001,1.6207
1483,2023-05-09 00:28:43,1.62043,1.62072
1484,2023-05-09 00:28:46,1.62047,1.62076
1485,2023-05-09 00:28:47,1.6204399999999999,1.62073
1486,2023-05-09 00:29:00,1.6204399999999999,1.62073
1487,2023-05-09 00:29:00,1.62047,1.62076
1488,2023-05-09 00:29:04,1.6205,1.62079
1489,2023-05-09 00:29:06,1.62052,1.62081
1490,2023-05-09 00:29:07,1.62054,1.62083
1491,2023-05-09 00:29:07,1.62053,1.6208200000000001
1492,2023-05-09 00:29:08,1.62052,1.62081
1493,2023-05-09 00:29:18,1.62051,1.6208
1494,2023-05-09 00:29:18,1.62047,1.62076
1495,2023-05-09 00:29:20,1.62045,1.62074
1496,2023-05-09 00:29:25,1.6204800000000001,1.62077
1497,2023-05-09 00:29:28,1.62049,1.6207799999999999
1498,2023-05-09 00:29:29,1.6204800000000001,1.62077
1499,2023-05-09 00:29:35,1.62049,1.6207799999999999
1500,2023-05-09 00:29:36,1.6204800000000001,1.62077
1501,2023-05-09 00:29:36,1.62049,1.6207799999999999
1502,2023-05-09 00:29:37,1.6205,1.62079
1503,2023-05-09 00:29:37,1.62049,1.6207799999999999
1504,2023-05-09 00:29:38,1.62052,1.62081
1505,2023-05-09 00:29:45,1.6205,1.62079
1506,2023-05-09 00:29:46,1.62052,1.62081
1507,2023-05-09 00:29:49,1.62053,1.6208200000000001
1508,2023-05-09 00:29:51,1.62051,1.6208
1509,2023-05-09 00:29:52,1.62052,1.62081
1510,2023-05-09 00:29:52,1.62053,1.6208200000000001
1511,2023-05-09 00:29:54,1.6205699999999998,1.62086
1512,2023-05-09 00:29:54,1.62059,1.62088
1513,2023-05-09 00:29:59,1.62058,1.62087
1514,2023-05-09 00:29:59,1.6205699999999998,1.62086
1515,2023-05-09 00:29:59,1.62058,1.62087
1516,2023-05-09 00:30:00,1.62058,1.62087
1517,2023-05-09 00:30:00,1.62061,1.6209
1518,2023-05-09 00:30:01,1.6206,1.6208900000000002
1519,2023-05-09 00:30:01,1.62052,1.62081
1520,2023-05-09 00:30:01,1.62051,1.6208
1521,2023-05-09 00:30:03,1.62058,1.62087
1522,2023-05-09 00:30:04,1.62056,1.62085
1523,2023-05-09 00:30:06,1.6205699999999998,1.62086
1524,2023-05-09 00:30:07,1.62056,1.62085
1525,2023-05-09 00:30:08,1.6205500000000002,1.6208399999999998
1526,2023-05-09 00:30:09,1.62056,1.62085
1527,2023-05-09 00:30:09,1.62054,1.62083
1528,2023-05-09 00:30:10,1.6205500000000002,1.6208399999999998
1529,2023-05-09 00:30:12,1.62054,1.62083
1530,2023-05-09 00:30:13,1.62058,1.62087
1531,2023-05-09 00:30:13,1.6206,1.6208900000000002
1532,2023-05-09 00:30:14,1.62059,1.62088
1533,2023-05-09 00:30:15,1.6206,1.6208900000000002
1534,2023-05-09 00:30:16,1.62059,1.62088
1535,2023-05-09 00:30:17,1.6206,1.6208900000000002
1536,2023-05-09 00:30:20,1.62065,1.62094
1537,2023-05-09 00:30:21,1.62063,1.62092
1538,2023-05-09 00:30:21,1.6206399999999999,1.62093
1539,2023-05-09 00:30:23,1.62063,1.62092
1540,2023-05-09 00:30:23,1.6206399999999999,1.62093
1541,2023-05-09 00:30:24,1.62058,1.62087
1542,2023-05-09 00:30:26,1.6206,1.6208900000000002
1543,2023-05-09 00:30:26,1.62067,1.62096
1544,2023-05-09 00:30:26,1.62065,1.62094
1545,2023-05-09 00:30:30,1.62062,1.6209099999999999
1546,2023-05-09 00:30:33,1.62063,1.62092
1547,2023-05-09 00:30:40,1.62065,1.62094
1548,2023-05-09 00:30:41,1.6206399999999999,1.62093
1549,2023-05-09 00:30:41,1.62065,1.62094
1550,2023-05-09 00:30:46,1.6207,1.62099
1551,2023-05-09 00:30:46,1.6206800000000001,1.62097
1552,2023-05-09 00:30:47,1.62069,1.6209799999999999
1553,2023-05-09 00:30:55,1.6207,1.62099
1554,2023-05-09 00:30:57,1.6207099999999999,1.621
1555,2023-05-09 00:31:00,1.6207099999999999,1.621
1556,2023-05-09 00:31:03,1.6207,1.62099
1557,2023-05-09 00:31:04,1.62069,1.6209799999999999
1558,2023-05-09 00:31:05,1.62072,1.62101
1559,2023-05-09 00:31:05,1.6207099999999999,1.621
1560,2023-05-09 00:31:05,1.62069,1.6209799999999999
1561,2023-05-09 00:31:10,1.6207,1.62099
1562,2023-05-09 00:31:11,1.6207099999999999,1.621
1563,2023-05-09 00:31:14,1.62069,1.6209799999999999
1564,2023-05-09 00:31:15,1.6206800000000001,1.62097
1565,2023-05-09 00:31:16,1.6206399999999999,1.62093
1566,2023-05-09 00:31:16,1.62065,1.62094
1567,2023-05-09 00:31:16,1.62066,1.6209500000000001
1568,2023-05-09 00:31:16,1.62069,1.6209799999999999
1569,2023-05-09 00:31:22,1.6206800000000001,1.62097
1570,2023-05-09 00:31:35,1.6207,1.62099
1571,2023-05-09 00:31:37,1.62069,1.6209799999999999
1572,2023-05-09 00:31:40,1.6207,1.62099
1573,2023-05-09 00:31:42,1.62069,1.6209799999999999
1574,2023-05-09 00:31:43,1.6206800000000001,1.62097
1575,2023-05-09 00:31:43,1.62067,1.62096
1576,2023-05-09 00:31:43,1.62069,1.6209799999999999
1577,2023-05-09 00:31:43,1.62067,1.62096
1578,2023-05-09 00:31:46,1.6206800000000001,1.62097
1579,2023-05-09 00:31:46,1.62066,1.6209500000000001
1580,2023-05-09 00:31:50,1.62067,1.62096
1581,2023-05-09 00:31:51,1.6206800000000001,1.62097
1582,2023-05-09 00:31:51,1.62067,1.62096
1583,2023-05-09 00:31:52,1.62066,1.6209500000000001
1584,2023-05-09 00:31:52,1.6206800000000001,1.62097
1585,2023-05-09 00:31:53,1.62067,1.62096
1586,2023-05-09 00:31:54,1.6206800000000001,1.62097
1587,2023-05-09 00:32:00,1.6206800000000001,1.62097
1588,2023-05-09 00:32:00,1.62069,1.6209799999999999
1589,2023-05-09 00:32:01,1.6207,1.62099
1590,2023-05-09 00:32:01,1.6207099999999999,1.621
1591,2023-05-09 00:32:02,1.62069,1.6209799999999999
1592,2023-05-09 00:32:03,1.6207,1.62099
1593,2023-05-09 00:32:04,1.62072,1.62101
1594,2023-05-09 00:32:06,1.6207099999999999,1.621
1595,2023-05-09 00:32:07,1.62074,1.62103
1596,2023-05-09 00:32:07,1.62076,1.6210499999999999
1597,2023-05-09 00:32:07,1.6207500000000001,1.62104
1598,2023-05-09 00:32:08,1.62076,1.6210499999999999
1599,2023-05-09 00:32:09,1.62077,1.62106
1600,2023-05-09 00:32:12,1.6207799999999999,1.62107
1601,2023-05-09 00:32:13,1.62079,1.62108
1602,2023-05-09 00:32:19,1.62076,1.6210499999999999
1603,2023-05-09 00:32:20,1.62077,1.62106
1604,2023-05-09 00:32:20,1.6207799999999999,1.62107
1605,2023-05-09 00:32:25,1.6208399999999998,1.62113
1606,2023-05-09 00:32:25,1.62083,1.62112
1607,2023-05-09 00:32:25,1.6208200000000001,1.62111
1608,2023-05-09 00:32:34,1.62081,1.6211
1609,2023-05-09 00:32:34,1.62076,1.6210499999999999
1610,2023-05-09 00:32:35,1.6207500000000001,1.62104
1611,2023-05-09 00:32:41,1.6208,1.6210900000000001
1612,2023-05-09 00:32:44,1.62079,1.62108
1613,2023-05-09 00:32:44,1.6207799999999999,1.62107
1614,2023-05-09 00:32:45,1.6207500000000001,1.62104
1615,2023-05-09 00:32:50,1.6207799999999999,1.62107
1616,2023-05-09 00:32:50,1.6208,1.6210900000000001
1617,2023-05-09 00:32:50,1.62081,1.6211
1618,2023-05-09 00:32:51,1.6208399999999998,1.62113
1619,2023-05-09 00:32:55,1.62085,1.62114
1620,2023-05-09 00:32:55,1.62083,1.62112
1621,2023-05-09 00:32:55,1.62081,1.6211
1622,2023-05-09 00:32:55,1.62079,1.62108
1623,2023-05-09 00:33:00,1.62079,1.62108
1624,2023-05-09 00:33:01,1.6208399999999998,1.62113
1625,2023-05-09 00:33:01,1.62086,1.62115
1626,2023-05-09 00:33:01,1.6209500000000001,1.62124
1627,2023-05-09 00:33:01,1.62097,1.62126
1628,2023-05-09 00:33:02,1.62094,1.62123
1629,2023-05-09 00:33:02,1.6209,1.62119
1630,2023-05-09 00:33:02,1.6208900000000002,1.6211799999999998
1631,2023-05-09 00:33:03,1.6209,1.62119
1632,2023-05-09 00:33:04,1.62088,1.62117
1633,2023-05-09 00:33:05,1.6208900000000002,1.6211799999999998
1634,2023-05-09 00:33:09,1.62088,1.62117
1635,2023-05-09 00:33:10,1.62085,1.62114
1636,2023-05-09 00:33:11,1.62086,1.62115
1637,2023-05-09 00:33:11,1.62085,1.62114
1638,2023-05-09 00:33:11,1.62086,1.62115
1639,2023-05-09 00:33:12,1.6208399999999998,1.62113
1640,2023-05-09 00:33:16,1.6209,1.62119
1641,2023-05-09 00:33:17,1.62093,1.62122
1642,2023-05-09 00:33:25,1.62094,1.62123
1643,2023-05-09 00:33:26,1.6209,1.62119
1644,2023-05-09 00:33:26,1.62093,1.62122
1645,2023-05-09 00:33:27,1.62092,1.62121
1646,2023-05-09 00:33:28,1.6209099999999999,1.6212
1647,2023-05-09 00:33:30,1.62097,1.62126
1648,2023-05-09 00:33:34,1.6209799999999999,1.62127
1649,2023-05-09 00:33:35,1.62099,1.62128
1650,2023-05-09 00:33:36,1.62101,1.6213
1651,2023-05-09 00:33:36,1.6209500000000001,1.62124
1652,2023-05-09 00:33:37,1.62094,1.62123
1653,2023-05-09 00:33:37,1.62093,1.62122
1654,2023-05-09 00:33:38,1.6210499999999999,1.62134
1655,2023-05-09 00:33:39,1.62106,1.62135
1656,2023-05-09 00:33:40,1.6210499999999999,1.62134
1657,2023-05-09 00:33:40,1.6209799999999999,1.62127
1658,2023-05-09 00:33:42,1.62099,1.62128
1659,2023-05-09 00:33:42,1.621,1.6212900000000001
1660,2023-05-09 00:33:43,1.6210200000000001,1.62131
1661,2023-05-09 00:33:44,1.6209500000000001,1.62124
1662,2023-05-09 00:33:44,1.6209799999999999,1.62127
1663,2023-05-09 00:33:46,1.62097,1.62126
1664,2023-05-09 00:33:46,1.6209799999999999,1.62127
1665,2023-05-09 00:33:46,1.6210200000000001,1.62131
1666,2023-05-09 00:33:47,1.6211,1.6213899999999999
1667,2023-05-09 00:33:47,1.62113,1.62142
1668,2023-05-09 00:33:49,1.62114,1.6214300000000001
1669,2023-05-09 00:33:50,1.62107,1.6213600000000001
1670,2023-05-09 00:33:52,1.62106,1.62135
1671,2023-05-09 00:33:53,1.62107,1.6213600000000001
1672,2023-05-09 00:33:56,1.62103,1.6213199999999999
1673,2023-05-09 00:34:00,1.62103,1.6213199999999999
1674,2023-05-09 00:34:00,1.62104,1.62133
1675,2023-05-09 00:34:06,1.6210200000000001,1.62131
1676,2023-05-09 00:34:06,1.62108,1.62137
1677,2023-05-09 00:34:06,1.62106,1.62135
1678,2023-05-09 00:34:07,1.62104,1.62133
1679,2023-05-09 00:34:07,1.6210200000000001,1.62131
1680,2023-05-09 00:34:09,1.62103,1.6213199999999999
1681,2023-05-09 00:34:10,1.62104,1.62133
1682,2023-05-09 00:34:16,1.6209799999999999,1.62127
1683,2023-05-09 00:34:16,1.62094,1.62123
1684,2023-05-09 00:34:16,1.62092,1.62121
1685,2023-05-09 00:34:18,1.62093,1.62122
1686,2023-05-09 00:34:22,1.62094,1.62123
1687,2023-05-09 00:34:23,1.62088,1.62117
1688,2023-05-09 00:34:23,1.62086,1.62115
1689,2023-05-09 00:34:24,1.62093,1.62122
1690,2023-05-09 00:34:26,1.62092,1.62121
1691,2023-05-09 00:34:28,1.62085,1.62114
1692,2023-05-09 00:34:30,1.6209,1.62119
1693,2023-05-09 00:34:30,1.62092,1.62121
1694,2023-05-09 00:34:35,1.6209099999999999,1.6212
1695,2023-05-09 00:34:36,1.62087,1.6211600000000002
1696,2023-05-09 00:34:37,1.62088,1.62117
1697,2023-05-09 00:34:37,1.62087,1.6211600000000002
1698,2023-05-09 00:34:41,1.62088,1.62117
1699,2023-05-09 00:34:42,1.62087,1.6211600000000002
1700,2023-05-09 00:34:54,1.62086,1.62115
1701,2023-05-09 00:34:55,1.62087,1.6211600000000002
1702,2023-05-09 00:34:59,1.62088,1.62117
1703,2023-05-09 00:34:59,1.62087,1.6211600000000002
1704,2023-05-09 00:35:00,1.62088,1.62117
1705,2023-05-09 00:35:02,1.6208900000000002,1.6211799999999998
1706,2023-05-09 00:35:05,1.62093,1.62122
1707,2023-05-09 00:35:05,1.62087,1.6211600000000002
1708,2023-05-09 00:35:05,1.62085,1.62114
1709,2023-05-09 00:35:06,1.6208399999999998,1.62113
1710,2023-05-09 00:35:07,1.62083,1.62112
1711,2023-05-09 00:35:08,1.6208399999999998,1.62113
1712,2023-05-09 00:35:08,1.6208200000000001,1.62111
1713,2023-05-09 00:35:09,1.6208,1.6210900000000001
1714,2023-05-09 00:35:10,1.6208200000000001,1.62111
1715,2023-05-09 00:35:13,1.62081,1.6211
1716,2023-05-09 00:35:13,1.62083,1.62112
1717,2023-05-09 00:35:16,1.6208200000000001,1.62111
1718,2023-05-09 00:35:17,1.6207799999999999,1.62107
1719,2023-05-09 00:35:27,1.62076,1.6210499999999999
1720,2023-05-09 00:35:30,1.6207799999999999,1.62107
1721,2023-05-09 00:35:31,1.62076,1.6210499999999999
1722,2023-05-09 00:35:32,1.62077,1.62106
1723,2023-05-09 00:35:35,1.62081,1.6211
1724,2023-05-09 00:35:35,1.62083,1.62112
1725,2023-05-09 00:35:37,1.62081,1.6211
1726,2023-05-09 00:35:38,1.62083,1.62112
1727,2023-05-09 00:35:44,1.6208200000000001,1.62111
1728,2023-05-09 00:35:45,1.62083,1.62112
1729,2023-05-09 00:35:47,1.6208200000000001,1.62111
1730,2023-05-09 00:35:47,1.62081,1.6211
1731,2023-05-09 00:35:57,1.62083,1.62112
1732,2023-05-09 00:35:57,1.6208399999999998,1.62113
1733,2023-05-09 00:35:58,1.62086,1.62115
1734,2023-05-09 00:36:00,1.62085,1.62114
1735,2023-05-09 00:36:01,1.62088,1.62117
1736,2023-05-09 00:36:06,1.62086,1.62115
1737,2023-05-09 00:36:08,1.62085,1.62114
1738,2023-05-09 00:36:09,1.62086,1.62115
1739,2023-05-09 00:36:12,1.62088,1.62117
1740,2023-05-09 00:36:15,1.6208900000000002,1.6211799999999998
1741,2023-05-09 00:36:17,1.62088,1.62117
1742,2023-05-09 00:36:21,1.62087,1.6211600000000002
1743,2023-05-09 00:36:26,1.62085,1.62114
1744,2023-05-09 00:36:27,1.6208200000000001,1.62111
1745,2023-05-09 00:36:27,1.6208,1.6210900000000001
1746,2023-05-09 00:36:28,1.6208200000000001,1.62111
1747,2023-05-09 00:36:29,1.6208,1.6210900000000001
1748,2023-05-09 00:36:29,1.62083,1.62112
1749,2023-05-09 00:36:30,1.62093,1.62122
1750,2023-05-09 00:36:30,1.62092,1.62121
1751,2023-05-09 00:36:32,1.62093,1.62122
1752,2023-05-09 00:36:33,1.6209500000000001,1.62124
1753,2023-05-09 00:36:36,1.62093,1.62122
1754,2023-05-09 00:36:37,1.6209,1.62119
1755,2023-05-09 00:36:40,1.62092,1.62121
1756,2023-05-09 00:36:41,1.62094,1.62123
1757,2023-05-09 00:36:42,1.62093,1.62122
1758,2023-05-09 00:36:43,1.62094,1.62123
1759,2023-05-09 00:36:45,1.6209500000000001,1.62124
1760,2023-05-09 00:36:45,1.62094,1.62123
1761,2023-05-09 00:36:46,1.6209500000000001,1.62124
1762,2023-05-09 00:36:46,1.62092,1.62121
1763,2023-05-09 00:36:52,1.6209099999999999,1.6212
1764,2023-05-09 00:36:54,1.62092,1.62121
1765,2023-05-09 00:36:57,1.6209099999999999,1.6212
1766,2023-05-09 00:36:58,1.6208900000000002,1.6211799999999998
1767,2023-05-09 00:36:59,1.6209099999999999,1.6212
1768,2023-05-09 00:37:03,1.6209099999999999,1.6212
1769,2023-05-09 00:37:04,1.62092,1.62121
1770,2023-05-09 00:37:04,1.62094,1.62123
1771,2023-05-09 00:37:04,1.6209099999999999,1.6212
1772,2023-05-09 00:37:05,1.6209500000000001,1.62124
1773,2023-05-09 00:37:05,1.62088,1.62117
1774,2023-05-09 00:37:07,1.62087,1.6211600000000002
1775,2023-05-09 00:37:07,1.62088,1.62117
1776,2023-05-09 00:37:11,1.62085,1.62114
1777,2023-05-09 00:37:11,1.62086,1.62115
1778,2023-05-09 00:37:17,1.62087,1.6211600000000002
1779,2023-05-09 00:37:19,1.62085,1.62114
1780,2023-05-09 00:37:21,1.6208900000000002,1.6211799999999998
1781,2023-05-09 00:37:23,1.62088,1.62117
1782,2023-05-09 00:37:23,1.6209099999999999,1.6212
1783,2023-05-09 00:37:24,1.62088,1.62117
1784,2023-05-09 00:37:25,1.6209,1.62119
1785,2023-05-09 00:37:26,1.6209099999999999,1.6212
1786,2023-05-09 00:37:28,1.6209500000000001,1.62124
1787,2023-05-09 00:37:31,1.62094,1.62123
1788,2023-05-09 00:37:32,1.62093,1.62122
1789,2023-05-09 00:37:32,1.62094,1.62123
1790,2023-05-09 00:37:37,1.6209500000000001,1.62124
1791,2023-05-09 00:37:38,1.62094,1.62123
1792,2023-05-09 00:37:39,1.62096,1.6212499999999999
1793,2023-05-09 00:37:41,1.62097,1.62126
1794,2023-05-09 00:37:41,1.621,1.6212900000000001
1795,2023-05-09 00:37:42,1.6209799999999999,1.62127
1796,2023-05-09 00:37:47,1.62099,1.62128
1797,2023-05-09 00:37:47,1.62104,1.62133
1798,2023-05-09 00:37:48,1.6211,1.6213899999999999
1799,2023-05-09 00:37:48,1.62114,1.6214300000000001
1800,2023-05-09 00:37:49,1.62113,1.62142
1801,2023-05-09 00:37:49,1.62111,1.6214
1802,2023-05-09 00:37:51,1.6211,1.6213899999999999
1803,2023-05-09 00:37:52,1.62108,1.62137
1804,2023-05-09 00:37:52,1.6211,1.6213899999999999
1805,2023-05-09 00:37:53,1.6210900000000001,1.62138
1806,2023-05-09 00:37:59,1.6210499999999999,1.62134
1807,2023-05-09 00:37:59,1.6210200000000001,1.62131
1808,2023-05-09 00:38:00,1.6210200000000001,1.62131
1809,2023-05-09 00:38:01,1.62103,1.6213199999999999
1810,2023-05-09 00:38:01,1.62111,1.6214
1811,2023-05-09 00:38:02,1.62112,1.62141
1812,2023-05-09 00:38:02,1.62111,1.6214
1813,2023-05-09 00:38:03,1.62112,1.62141
1814,2023-05-09 00:38:05,1.62113,1.62142
1815,2023-05-09 00:38:05,1.62114,1.6214300000000001
1816,2023-05-09 00:38:07,1.62113,1.62142
1817,2023-05-09 00:38:08,1.62114,1.6214300000000001
1818,2023-05-09 00:38:09,1.62115,1.62144
1819,2023-05-09 00:38:10,1.62113,1.62142
1820,2023-05-09 00:38:13,1.62114,1.6214300000000001
1821,2023-05-09 00:38:14,1.6211,1.6213899999999999
1822,2023-05-09 00:38:15,1.62104,1.62133
1823,2023-05-09 00:38:16,1.6210499999999999,1.62134
1824,2023-05-09 00:38:17,1.62106,1.62135
1825,2023-05-09 00:38:23,1.62107,1.6213600000000001
1826,2023-05-09 00:38:25,1.6210499999999999,1.62134
1827,2023-05-09 00:38:27,1.62104,1.62133
1828,2023-05-09 00:38:28,1.62101,1.6213
1829,2023-05-09 00:38:28,1.6210200000000001,1.62131
1830,2023-05-09 00:38:29,1.62101,1.6213
1831,2023-05-09 00:38:29,1.62099,1.62128
1832,2023-05-09 00:38:31,1.6209799999999999,1.62127
1833,2023-05-09 00:38:32,1.62099,1.62128
1834,2023-05-09 00:38:35,1.6209799999999999,1.62127
1835,2023-05-09 00:38:37,1.621,1.6212900000000001
1836,2023-05-09 00:38:40,1.62099,1.62128
1837,2023-05-09 00:38:50,1.621,1.6212900000000001
1838,2023-05-09 00:38:52,1.6210200000000001,1.62131
1839,2023-05-09 00:38:52,1.62104,1.62133
1840,2023-05-09 00:38:55,1.62107,1.6213600000000001
1841,2023-05-09 00:38:57,1.62106,1.62135
1842,2023-05-09 00:38:59,1.62104,1.62133
1843,2023-05-09 00:39:00,1.62104,1.62133
1844,2023-05-09 00:39:03,1.62106,1.62135
1845,2023-05-09 00:39:04,1.62107,1.6213600000000001
1846,2023-05-09 00:39:05,1.6210499999999999,1.62134
1847,2023-05-09 00:39:07,1.62106,1.62135
1848,2023-05-09 00:39:07,1.62107,1.6213600000000001
1849,2023-05-09 00:39:09,1.62108,1.62137
1850,2023-05-09 00:39:11,1.62107,1.6213600000000001
1851,2023-05-09 00:39:13,1.62106,1.62135
1852,2023-05-09 00:39:19,1.62107,1.6213600000000001
1853,2023-05-09 00:39:20,1.6210499999999999,1.62134
1854,2023-05-09 00:39:22,1.62106,1.62135
1855,2023-05-09 00:39:22,1.62104,1.62133
1856,2023-05-09 00:39:25,1.62097,1.62126
1857,2023-05-09 00:39:26,1.62094,1.62123
1858,2023-05-09 00:39:29,1.62093,1.62122
1859,2023-05-09 00:39:30,1.621,1.6212900000000001
1860,2023-05-09 00:39:32,1.62103,1.6213199999999999
1861,2023-05-09 00:39:33,1.62101,1.6213
1862,2023-05-09 00:39:34,1.62103,1.6213199999999999
1863,2023-05-09 00:39:38,1.621,1.6212900000000001
1864,2023-05-09 00:39:40,1.62097,1.62126
1865,2023-05-09 00:39:40,1.621,1.6212900000000001
1866,2023-05-09 00:39:43,1.62099,1.62128
1867,2023-05-09 00:39:50,1.6209500000000001,1.62124
1868,2023-05-09 00:39:52,1.62093,1.62122
1869,2023-05-09 00:39:55,1.6209,1.62119
1870,2023-05-09 00:39:55,1.62087,1.6211600000000002
1871,2023-05-09 00:39:55,1.6208900000000002,1.6211799999999998
1872,2023-05-09 00:39:55,1.6209099999999999,1.6212
1873,2023-05-09 00:39:56,1.6209,1.62119
1874,2023-05-09 00:39:57,1.6209099999999999,1.6212
1875,2023-05-09 00:39:59,1.62092,1.62121
1876,2023-05-09 00:40:00,1.62092,1.62121
1877,2023-05-09 00:40:03,1.62097,1.62126
1878,2023-05-09 00:40:03,1.62094,1.62123
1879,2023-05-09 00:40:03,1.62097,1.62126
1880,2023-05-09 00:40:04,1.6210200000000001,1.62131
1881,2023-05-09 00:40:04,1.62099,1.62128
1882,2023-05-09 00:40:04,1.6210200000000001,1.62131
1883,2023-05-09 00:40:04,1.62099,1.62128
1884,2023-05-09 00:40:08,1.62096,1.6212499999999999
1885,2023-05-09 00:40:09,1.621,1.6212900000000001
1886,2023-05-09 00:40:10,1.62106,1.62135
1887,2023-05-09 00:40:10,1.62103,1.6213199999999999
1888,2023-05-09 00:40:11,1.62104,1.62133
1889,2023-05-09 00:40:11,1.62107,1.6213600000000001
1890,2023-05-09 00:40:11,1.62104,1.62133
1891,2023-05-09 00:40:11,1.6211,1.6213899999999999
1892,2023-05-09 00:40:13,1.62107,1.6213600000000001
1893,2023-05-09 00:40:13,1.6210499999999999,1.62134
1894,2023-05-09 00:40:16,1.62107,1.6213600000000001
1895,2023-05-09 00:40:19,1.62108,1.62137
1896,2023-05-09 00:40:21,1.62107,1.6213600000000001
1897,2023-05-09 00:40:24,1.62104,1.62133
1898,2023-05-09 00:40:25,1.62106,1.62135
1899,2023-05-09 00:40:25,1.62104,1.62133
1900,2023-05-09 00:40:26,1.62106,1.62135
1901,2023-05-09 00:40:26,1.6210900000000001,1.62138
1902,2023-05-09 00:40:29,1.62107,1.6213600000000001
1903,2023-05-09 00:40:30,1.62106,1.62135
1904,2023-05-09 00:40:30,1.62107,1.6213600000000001
1905,2023-05-09 00:40:31,1.62108,1.62137
1906,2023-05-09 00:40:31,1.62111,1.6214
1907,2023-05-09 00:40:32,1.62107,1.6213600000000001
1908,2023-05-09 00:40:33,1.6210900000000001,1.62138
1909,2023-05-09 00:40:33,1.62111,1.6214
1910,2023-05-09 00:40:35,1.6210900000000001,1.62138
1911,2023-05-09 00:40:37,1.62104,1.62133
1912,2023-05-09 00:40:38,1.62101,1.6213
1913,2023-05-09 00:40:38,1.62104,1.62133
1914,2023-05-09 00:40:38,1.62101,1.6213
1915,2023-05-09 00:40:41,1.62099,1.62128
1916,2023-05-09 00:40:45,1.62101,1.6213
1917,2023-05-09 00:40:46,1.62099,1.62128
1918,2023-05-09 00:40:46,1.621,1.6212900000000001
1919,2023-05-09 00:40:49,1.62103,1.6213199999999999
1920,2023-05-09 00:40:50,1.621,1.6212900000000001
1921,2023-05-09 00:40:50,1.62103,1.6213199999999999
1922,2023-05-09 00:40:51,1.62097,1.62126
1923,2023-05-09 00:40:51,1.621,1.6212900000000001
1924,2023-05-09 00:40:52,1.62104,1.62133
1925,2023-05-09 00:40:53,1.621,1.6212900000000001
1926,2023-05-09 00:40:56,1.62101,1.6213
1927,2023-05-09 00:41:00,1.6211,1.6213899999999999
1928,2023-05-09 00:41:03,1.62112,1.62141
1929,2023-05-09 00:41:06,1.62111,1.6214
1930,2023-05-09 00:41:09,1.62107,1.6213600000000001
1931,2023-05-09 00:41:09,1.62108,1.62137
1932,2023-05-09 00:41:11,1.62107,1.6213600000000001
1933,2023-05-09 00:41:12,1.6211,1.6213899999999999
1934,2023-05-09 00:41:16,1.62108,1.62137
1935,2023-05-09 00:41:16,1.6210900000000001,1.62138
1936,2023-05-09 00:41:16,1.6211,1.6213899999999999
1937,2023-05-09 00:41:17,1.62113,1.62142
1938,2023-05-09 00:41:17,1.62115,1.62144
1939,2023-05-09 00:41:18,1.6211600000000002,1.6214499999999998
1940,2023-05-09 00:41:19,1.62115,1.62144
1941,2023-05-09 00:41:20,1.6211799999999998,1.62147
1942,2023-05-09 00:41:20,1.6211,1.6213899999999999
1943,2023-05-09 00:41:21,1.62111,1.6214
1944,2023-05-09 00:41:21,1.62113,1.62142
1945,2023-05-09 00:41:24,1.62111,1.6214
1946,2023-05-09 00:41:27,1.62112,1.62141
1947,2023-05-09 00:41:30,1.62124,1.62153
1948,2023-05-09 00:41:31,1.62122,1.62151
1949,2023-05-09 00:41:32,1.62123,1.6215199999999999
1950,2023-05-09 00:41:34,1.62122,1.62151
1951,2023-05-09 00:41:36,1.62123,1.6215199999999999
1952,2023-05-09 00:41:38,1.62122,1.62151
1953,2023-05-09 00:41:38,1.62124,1.62153
1954,2023-05-09 00:41:40,1.62123,1.6215199999999999
1955,2023-05-09 00:41:42,1.6212,1.62149
1956,2023-05-09 00:41:46,1.62123,1.6215199999999999
1957,2023-05-09 00:41:48,1.62119,1.62148
1958,2023-05-09 00:41:49,1.62117,1.62146
1959,2023-05-09 00:41:50,1.6211600000000002,1.6214499999999998
1960,2023-05-09 00:41:53,1.62114,1.6214300000000001
1961,2023-05-09 00:41:54,1.62117,1.62146
1962,2023-05-09 00:41:54,1.62114,1.6214300000000001
1963,2023-05-09 00:41:57,1.6211600000000002,1.6214499999999998
1964,2023-05-09 00:41:58,1.62114,1.6214300000000001
1965,2023-05-09 00:41:59,1.6211799999999998,1.62147
1966,2023-05-09 00:42:00,1.6212,1.62149
1967,2023-05-09 00:42:01,1.6211600000000002,1.6214499999999998
1968,2023-05-09 00:42:04,1.62119,1.62148
1969,2023-05-09 00:42:04,1.62114,1.6214300000000001
1970,2023-05-09 00:42:05,1.62115,1.62144
1971,2023-05-09 00:42:09,1.62112,1.62141
1972,2023-05-09 00:42:11,1.62114,1.6214300000000001
1973,2023-05-09 00:42:12,1.62113,1.62142
1974,2023-05-09 00:42:12,1.62114,1.6214300000000001
1975,2023-05-09 00:42:13,1.62111,1.6214
1976,2023-05-09 00:42:14,1.62107,1.6213600000000001
1977,2023-05-09 00:42:16,1.6210900000000001,1.62138
1978,2023-05-09 00:42:17,1.6211,1.6213899999999999
1979,2023-05-09 00:42:18,1.6210900000000001,1.62138
1980,2023-05-09 00:42:18,1.62113,1.62142
1981,2023-05-09 00:42:19,1.62112,1.62141
1982,2023-05-09 00:42:22,1.62111,1.6214
1983,2023-05-09 00:42:22,1.62113,1.62142
1984,2023-05-09 00:42:27,1.62111,1.6214
1985,2023-05-09 00:42:28,1.6210900000000001,1.62138
1986,2023-05-09 00:42:28,1.62104,1.62133
1987,2023-05-09 00:42:31,1.6210200000000001,1.62131
1988,2023-05-09 00:42:32,1.6209799999999999,1.62127
1989,2023-05-09 00:42:33,1.62101,1.6213
1990,2023-05-09 00:42:36,1.6210200000000001,1.62131
1991,2023-05-09 00:42:39,1.62101,1.6213
1992,2023-05-09 00:42:41,1.62099,1.62128
1993,2023-05-09 00:42:43,1.621,1.6212900000000001
1994,2023-05-09 00:42:46,1.62101,1.6213
1995,2023-05-09 00:42:48,1.621,1.6212900000000001
1996,2023-05-09 00:42:50,1.62101,1.6213
1997,2023-05-09 00:42:53,1.6210200000000001,1.62131
1998,2023-05-09 00:42:56,1.62107,1.6213600000000001
1999,2023-05-09 00:42:57,1.6210900000000001,1.62138
2000,2023-05-09 00:42:57,1.62106,1.62135
2001,2023-05-09 00:42:58,1.62108,1.62137
2002,2023-05-09 00:42:58,1.62106,1.62135
2003,2023-05-09 00:43:00,1.62108,1.62137
2004,2023-05-09 00:43:01,1.6210900000000001,1.62138
2005,2023-05-09 00:43:02,1.62103,1.6213199999999999
2006,2023-05-09 00:43:02,1.6210499999999999,1.62134
2007,2023-05-09 00:43:05,1.62101,1.6213
2008,2023-05-09 00:43:07,1.62106,1.62135
2009,2023-05-09 00:43:08,1.6210499999999999,1.62134
2010,2023-05-09 00:43:09,1.62106,1.62135
2011,2023-05-09 00:43:10,1.62104,1.62133
2012,2023-05-09 00:43:10,1.62107,1.6213600000000001
2013,2023-05-09 00:43:12,1.6210900000000001,1.62138
2014,2023-05-09 00:43:21,1.62107,1.6213600000000001
2015,2023-05-09 00:43:22,1.62103,1.6213199999999999
2016,2023-05-09 00:43:22,1.62104,1.62133
2017,2023-05-09 00:43:25,1.6210200000000001,1.62131
2018,2023-05-09 00:43:27,1.621,1.6212900000000001
2019,2023-05-09 00:43:28,1.62106,1.62135
2020,2023-05-09 00:43:29,1.6210900000000001,1.62138
2021,2023-05-09 00:43:29,1.62106,1.62135
2022,2023-05-09 00:43:29,1.62104,1.62133
2023,2023-05-09 00:43:33,1.6210200000000001,1.62131
2024,2023-05-09 00:43:34,1.6210499999999999,1.62134
2025,2023-05-09 00:43:34,1.62108,1.62137
2026,2023-05-09 00:43:39,1.62111,1.6214
2027,2023-05-09 00:43:44,1.62112,1.62141
2028,2023-05-09 00:43:47,1.6211,1.6213899999999999
2029,2023-05-09 00:43:55,1.62111,1.6214
2030,2023-05-09 00:43:57,1.6211,1.6213899999999999
2031,2023-05-09 00:43:58,1.62107,1.6213600000000001
2032,2023-05-09 00:43:58,1.62108,1.62137
2033,2023-05-09 00:44:00,1.62111,1.6214
2034,2023-05-09 00:44:03,1.62113,1.62142
2035,2023-05-09 00:44:03,1.62111,1.6214
2036,2023-05-09 00:44:04,1.62112,1.62141
2037,2023-05-09 00:44:07,1.62111,1.6214
2038,2023-05-09 00:44:09,1.62103,1.6213199999999999
2039,2023-05-09 00:44:09,1.62101,1.6213
2040,2023-05-09 00:44:10,1.62103,1.6213199999999999
2041,2023-05-09 00:44:14,1.62104,1.62133
2042,2023-05-09 00:44:16,1.621,1.6212900000000001
2043,2023-05-09 00:44:19,1.62101,1.6213
2044,2023-05-09 00:44:24,1.6209799999999999,1.62127
2045,2023-05-09 00:44:24,1.62104,1.62133
2046,2023-05-09 00:44:25,1.6210499999999999,1.62134
2047,2023-05-09 00:44:25,1.6210200000000001,1.62131
2048,2023-05-09 00:44:28,1.62104,1.62133
2049,2023-05-09 00:44:31,1.6210200000000001,1.62131
2050,2023-05-09 00:44:31,1.62101,1.6213
2051,2023-05-09 00:44:32,1.62099,1.62128
2052,2023-05-09 00:44:36,1.62101,1.6213
2053,2023-05-09 00:44:40,1.62099,1.62128
2054,2023-05-09 00:44:41,1.6209799999999999,1.62127
2055,2023-05-09 00:44:42,1.62099,1.62128
2056,2023-05-09 00:44:44,1.6209799999999999,1.62127
2057,2023-05-09 00:44:44,1.62097,1.62126
2058,2023-05-09 00:44:46,1.6210499999999999,1.62134
2059,2023-05-09 00:44:47,1.6210900000000001,1.62138
2060,2023-05-09 00:44:49,1.62106,1.62135
2061,2023-05-09 00:44:49,1.62104,1.62133
2062,2023-05-09 00:44:51,1.62099,1.62128
2063,2023-05-09 00:44:52,1.62101,1.6213
2064,2023-05-09 00:44:52,1.6210200000000001,1.62131
2065,2023-05-09 00:44:53,1.6209799999999999,1.62127
2066,2023-05-09 00:44:53,1.62101,1.6213
2067,2023-05-09 00:44:54,1.62099,1.62128
2068,2023-05-09 00:44:56,1.6209799999999999,1.62127
2069,2023-05-09 00:44:57,1.62101,1.6213
2070,2023-05-09 00:44:59,1.621,1.6212900000000001
2071,2023-05-09 00:45:00,1.621,1.6212900000000001
2072,2023-05-09 00:45:00,1.62097,1.62126
2073,2023-05-09 00:45:00,1.62099,1.62128
2074,2023-05-09 00:45:01,1.62101,1.6213
2075,2023-05-09 00:45:03,1.6210200000000001,1.62131
2076,2023-05-09 00:45:06,1.62101,1.6213
2077,2023-05-09 00:45:11,1.6210200000000001,1.62131
2078,2023-05-09 00:45:16,1.62104,1.62133
2079,2023-05-09 00:45:21,1.62101,1.6213
2080,2023-05-09 00:45:26,1.62103,1.6213199999999999
2081,2023-05-09 00:45:26,1.6210499999999999,1.62134
2082,2023-05-09 00:45:26,1.6210900000000001,1.62138
2083,2023-05-09 00:45:28,1.62107,1.6213600000000001
2084,2023-05-09 00:45:30,1.6210900000000001,1.62138
2085,2023-05-09 00:45:30,1.6211,1.6213899999999999
2086,2023-05-09 00:45:31,1.62112,1.62141
2087,2023-05-09 00:45:36,1.6211,1.6213899999999999
2088,2023-05-09 00:45:39,1.62113,1.62142
2089,2023-05-09 00:45:43,1.6210900000000001,1.62138
2090,2023-05-09 00:45:43,1.62108,1.62137
2091,2023-05-09 00:45:45,1.6211,1.6213899999999999
2092,2023-05-09 00:45:46,1.62112,1.62141
2093,2023-05-09 00:45:47,1.6210900000000001,1.62138
2094,2023-05-09 00:45:48,1.62113,1.62142
2095,2023-05-09 00:45:49,1.6210900000000001,1.62138
2096,2023-05-09 00:45:49,1.62112,1.62141
2097,2023-05-09 00:45:51,1.62108,1.62137
2098,2023-05-09 00:45:54,1.6210900000000001,1.62138
2099,2023-05-09 00:45:54,1.62112,1.62141
2100,2023-05-09 00:45:55,1.6211,1.6213899999999999
2101,2023-05-09 00:45:56,1.62111,1.6214
2102,2023-05-09 00:45:57,1.62114,1.6214300000000001
2103,2023-05-09 00:45:58,1.62111,1.6214
2104,2023-05-09 00:46:00,1.62113,1.62142
2105,2023-05-09 00:46:02,1.6210900000000001,1.62138
2106,2023-05-09 00:46:08,1.62107,1.6213600000000001
2107,2023-05-09 00:46:08,1.62103,1.6213199999999999
2108,2023-05-09 00:46:09,1.621,1.6212900000000001
2109,2023-05-09 00:46:09,1.6210200000000001,1.62131
2110,2023-05-09 00:46:10,1.62103,1.6213199999999999
2111,2023-05-09 00:46:11,1.621,1.6212900000000001
2112,2023-05-09 00:46:12,1.6209799999999999,1.62127
2113,2023-05-09 00:46:12,1.62096,1.6212499999999999
2114,2023-05-09 00:46:12,1.6209799999999999,1.62127
2115,2023-05-09 00:46:13,1.62096,1.6212499999999999
2116,2023-05-09 00:46:14,1.62099,1.62128
2117,2023-05-09 00:46:15,1.62097,1.62126
2118,2023-05-09 00:46:18,1.62099,1.62128
2119,2023-05-09 00:46:20,1.62101,1.6213
2120,2023-05-09 00:46:23,1.62096,1.6212499999999999
2121,2023-05-09 00:46:23,1.62099,1.62128
2122,2023-05-09 00:46:34,1.62103,1.6213199999999999
2123,2023-05-09 00:46:35,1.62101,1.6213
2124,2023-05-09 00:46:38,1.6209799999999999,1.62127
2125,2023-05-09 00:46:39,1.62101,1.6213
2126,2023-05-09 00:46:41,1.62099,1.62128
2127,2023-05-09 00:46:43,1.621,1.6212900000000001
2128,2023-05-09 00:46:49,1.6210200000000001,1.62131
2129,2023-05-09 00:46:50,1.621,1.6212900000000001
2130,2023-05-09 00:46:52,1.6209799999999999,1.62127
2131,2023-05-09 00:46:53,1.621,1.6212900000000001
2132,2023-05-09 00:46:55,1.62108,1.62137
2133,2023-05-09 00:46:55,1.6211,1.6213899999999999
2134,2023-05-09 00:46:56,1.62108,1.62137
2135,2023-05-09 00:46:57,1.6210900000000001,1.62138
2136,2023-05-09 00:46:58,1.62107,1.6213600000000001
2137,2023-05-09 00:47:00,1.62107,1.6213600000000001
2138,2023-05-09 00:47:01,1.6210900000000001,1.62138
2139,2023-05-09 00:47:01,1.62106,1.62135
2140,2023-05-09 00:47:03,1.6210499999999999,1.62134
2141,2023-05-09 00:47:05,1.62108,1.62137
2142,2023-05-09 00:47:05,1.6211,1.6213899999999999
2143,2023-05-09 00:47:09,1.62108,1.62137
2144,2023-05-09 00:47:10,1.62111,1.6214
2145,2023-05-09 00:47:11,1.6210900000000001,1.62138
2146,2023-05-09 00:47:12,1.62112,1.62141
2147,2023-05-09 00:47:13,1.62108,1.62137
2148,2023-05-09 00:47:16,1.6210900000000001,1.62138
2149,2023-05-09 00:47:16,1.62107,1.6213600000000001
2150,2023-05-09 00:47:19,1.6210499999999999,1.62134
2151,2023-05-09 00:47:21,1.62103,1.6213199999999999
2152,2023-05-09 00:47:23,1.62107,1.6213600000000001
2153,2023-05-09 00:47:23,1.62104,1.62133
2154,2023-05-09 00:47:30,1.6211600000000002,1.6214499999999998
2155,2023-05-09 00:47:30,1.6212,1.62149
2156,2023-05-09 00:47:31,1.62117,1.62146
2157,2023-05-09 00:47:35,1.62115,1.62144
2158,2023-05-09 00:47:37,1.62117,1.62146
2159,2023-05-09 00:47:38,1.6212,1.62149
2160,2023-05-09 00:47:40,1.62121,1.6215000000000002
2161,2023-05-09 00:47:42,1.62122,1.62151
2162,2023-05-09 00:47:46,1.62121,1.6215000000000002
2163,2023-05-09 00:47:53,1.62122,1.62151
2164,2023-05-09 00:47:56,1.62123,1.6215199999999999
2165,2023-05-09 00:47:57,1.62122,1.62151
2166,2023-05-09 00:47:58,1.62126,1.62155
2167,2023-05-09 00:48:00,1.62126,1.62155
2168,2023-05-09 00:48:01,1.6212499999999999,1.62154
2169,2023-05-09 00:48:01,1.62121,1.6215000000000002
2170,2023-05-09 00:48:10,1.6212499999999999,1.62154
2171,2023-05-09 00:48:11,1.62124,1.62153
2172,2023-05-09 00:48:11,1.6212900000000001,1.62158
2173,2023-05-09 00:48:13,1.62126,1.62155
2174,2023-05-09 00:48:14,1.62127,1.6215600000000001
2175,2023-05-09 00:48:14,1.62126,1.62155
2176,2023-05-09 00:48:15,1.6212900000000001,1.62158
2177,2023-05-09 00:48:15,1.62131,1.6216
2178,2023-05-09 00:48:15,1.6213,1.6215899999999999
2179,2023-05-09 00:48:16,1.6213600000000001,1.62165
2180,2023-05-09 00:48:17,1.62138,1.62167
2181,2023-05-09 00:48:18,1.6214,1.62169
2182,2023-05-09 00:48:19,1.6213899999999999,1.62168
