,time,bid,ask
0,2023-05-09 00:00:00,1.85995,1.8602699999999999
1,2023-05-09 00:00:01,1.85998,1.8603
2,2023-05-09 00:00:01,1.8599700000000001,1.86029
3,2023-05-09 00:00:01,1.85989,1.86021
4,2023-05-09 00:00:01,1.85996,1.86028
5,2023-05-09 00:00:02,1.85998,1.8603
6,2023-05-09 00:00:02,1.86002,1.8603399999999999
7,2023-05-09 00:00:02,1.86003,1.86035
8,2023-05-09 00:00:03,1.8600400000000001,1.86036
9,2023-05-09 00:00:03,1.86007,1.86039
10,2023-05-09 00:00:04,1.8601100000000002,1.86043
11,2023-05-09 00:00:04,1.86008,1.8604
12,2023-05-09 00:00:04,1.86007,1.86039
13,2023-05-09 00:00:05,1.86005,1.86037
14,2023-05-09 00:00:05,1.86008,1.8604
15,2023-05-09 00:00:06,1.86006,1.8603800000000001
16,2023-05-09 00:00:07,1.86005,1.86037
17,2023-05-09 00:00:08,1.86007,1.86039
18,2023-05-09 00:00:09,1.86003,1.86035
19,2023-05-09 00:00:09,1.86001,1.86033
20,2023-05-09 00:00:10,1.86003,1.86035
21,2023-05-09 00:00:10,1.86005,1.86037
22,2023-05-09 00:00:10,1.86008,1.8604
23,2023-05-09 00:00:11,1.86009,1.86041
24,2023-05-09 00:00:11,1.86008,1.8604
25,2023-05-09 00:00:11,1.8600400000000001,1.86036
26,2023-05-09 00:00:12,1.86007,1.86039
27,2023-05-09 00:00:12,1.8600400000000001,1.86036
28,2023-05-09 00:00:12,1.86007,1.86039
29,2023-05-09 00:00:12,1.86008,1.8604
30,2023-05-09 00:00:13,1.86009,1.86041
31,2023-05-09 00:00:13,1.8601,1.86042
32,2023-05-09 00:00:13,1.86009,1.86041
33,2023-05-09 00:00:14,1.86008,1.8604
34,2023-05-09 00:00:14,1.86006,1.8603800000000001
35,2023-05-09 00:00:14,1.86005,1.86037
36,2023-05-09 00:00:15,1.86006,1.8603800000000001
37,2023-05-09 00:00:15,1.86009,1.86041
38,2023-05-09 00:00:15,1.86007,1.86039
39,2023-05-09 00:00:16,1.86014,1.86046
40,2023-05-09 00:00:16,1.86012,1.86044
41,2023-05-09 00:00:16,1.8601,1.86042
42,2023-05-09 00:00:16,1.86008,1.8604
43,2023-05-09 00:00:17,1.86005,1.86037
44,2023-05-09 00:00:18,1.8600400000000001,1.86036
45,2023-05-09 00:00:19,1.86003,1.86035
46,2023-05-09 00:00:19,1.8600400000000001,1.86036
47,2023-05-09 00:00:19,1.86005,1.86037
48,2023-05-09 00:00:20,1.86006,1.8603800000000001
49,2023-05-09 00:00:21,1.86005,1.86037
50,2023-05-09 00:00:22,1.86002,1.8603399999999999
51,2023-05-09 00:00:22,1.86005,1.86037
52,2023-05-09 00:00:23,1.8600400000000001,1.86036
53,2023-05-09 00:00:23,1.86005,1.86037
54,2023-05-09 00:00:25,1.8600400000000001,1.86036
55,2023-05-09 00:00:25,1.86006,1.8603800000000001
56,2023-05-09 00:00:25,1.86005,1.86037
57,2023-05-09 00:00:26,1.8601100000000002,1.86043
58,2023-05-09 00:00:26,1.86006,1.8603800000000001
59,2023-05-09 00:00:28,1.86005,1.86037
60,2023-05-09 00:00:29,1.8600400000000001,1.86036
61,2023-05-09 00:00:30,1.86006,1.8603800000000001
62,2023-05-09 00:00:30,1.86003,1.86035
63,2023-05-09 00:00:30,1.86001,1.86033
64,2023-05-09 00:00:31,1.86006,1.8603800000000001
65,2023-05-09 00:00:31,1.86007,1.86039
66,2023-05-09 00:00:31,1.86006,1.8603800000000001
67,2023-05-09 00:00:32,1.86007,1.86039
68,2023-05-09 00:00:32,1.8601,1.86042
69,2023-05-09 00:00:33,1.8601100000000002,1.86043
70,2023-05-09 00:00:34,1.86012,1.86044
71,2023-05-09 00:00:35,1.8601100000000002,1.86043
72,2023-05-09 00:00:36,1.86014,1.86046
73,2023-05-09 00:00:36,1.8601299999999998,1.8604500000000002
74,2023-05-09 00:00:36,1.86008,1.8604
75,2023-05-09 00:00:37,1.86009,1.86041
76,2023-05-09 00:00:38,1.8601100000000002,1.86043
77,2023-05-09 00:00:38,1.86009,1.86041
78,2023-05-09 00:00:39,1.8601,1.86042
79,2023-05-09 00:00:39,1.86009,1.86041
80,2023-05-09 00:00:39,1.8601100000000002,1.86043
81,2023-05-09 00:00:40,1.8601,1.86042
82,2023-05-09 00:00:40,1.86005,1.86037
83,2023-05-09 00:00:40,1.8599999999999999,1.86032
84,2023-05-09 00:00:41,1.85996,1.86028
85,2023-05-09 00:00:41,1.85994,1.86026
86,2023-05-09 00:00:41,1.86001,1.86033
87,2023-05-09 00:00:42,1.86003,1.86035
88,2023-05-09 00:00:42,1.86015,1.8604699999999998
89,2023-05-09 00:00:43,1.86016,1.86048
90,2023-05-09 00:00:43,1.8601999999999999,1.86052
91,2023-05-09 00:00:43,1.86021,1.86053
92,2023-05-09 00:00:43,1.86022,1.8605399999999999
93,2023-05-09 00:00:44,1.8602699999999999,1.86059
94,2023-05-09 00:00:44,1.86025,1.86057
95,2023-05-09 00:00:45,1.86022,1.8605399999999999
96,2023-05-09 00:00:45,1.8602400000000001,1.86056
97,2023-05-09 00:00:46,1.86026,1.8605800000000001
98,2023-05-09 00:00:46,1.86025,1.86057
99,2023-05-09 00:00:47,1.86026,1.8605800000000001
100,2023-05-09 00:00:48,1.86025,1.86057
101,2023-05-09 00:00:48,1.86026,1.8605800000000001
102,2023-05-09 00:00:51,1.86029,1.8606099999999999
103,2023-05-09 00:00:51,1.86028,1.8606
104,2023-05-09 00:00:52,1.8602699999999999,1.86059
105,2023-05-09 00:00:52,1.86033,1.8606500000000001
106,2023-05-09 00:00:52,1.8603,1.86062
107,2023-05-09 00:00:53,1.86029,1.8606099999999999
108,2023-05-09 00:00:53,1.8603,1.86062
109,2023-05-09 00:00:54,1.86029,1.8606099999999999
110,2023-05-09 00:00:55,1.86022,1.8605399999999999
111,2023-05-09 00:00:55,1.8602400000000001,1.86056
112,2023-05-09 00:00:55,1.86023,1.86055
113,2023-05-09 00:00:57,1.86015,1.8604699999999998
114,2023-05-09 00:00:57,1.8601100000000002,1.86043
115,2023-05-09 00:01:00,1.8601100000000002,1.86043
116,2023-05-09 00:01:01,1.86015,1.8604699999999998
117,2023-05-09 00:01:01,1.86023,1.86055
118,2023-05-09 00:01:02,1.86025,1.86057
119,2023-05-09 00:01:02,1.8602400000000001,1.86056
120,2023-05-09 00:01:02,1.86023,1.86056
121,2023-05-09 00:01:03,1.86026,1.8605800000000001
122,2023-05-09 00:01:03,1.86028,1.8606
123,2023-05-09 00:01:03,1.8602699999999999,1.86059
124,2023-05-09 00:01:04,1.86025,1.86057
125,2023-05-09 00:01:04,1.86026,1.8605800000000001
126,2023-05-09 00:01:05,1.86021,1.86053
127,2023-05-09 00:01:05,1.86022,1.8605399999999999
128,2023-05-09 00:01:06,1.86023,1.86055
129,2023-05-09 00:01:06,1.86025,1.86057
130,2023-05-09 00:01:06,1.86026,1.8605800000000001
131,2023-05-09 00:01:06,1.8602699999999999,1.86059
132,2023-05-09 00:01:07,1.86026,1.8605800000000001
133,2023-05-09 00:01:08,1.8602699999999999,1.86059
134,2023-05-09 00:01:09,1.86026,1.8605800000000001
135,2023-05-09 00:01:10,1.8601999999999999,1.86052
136,2023-05-09 00:01:10,1.8601100000000002,1.86043
137,2023-05-09 00:01:10,1.86008,1.8604
138,2023-05-09 00:01:11,1.86012,1.86044
139,2023-05-09 00:01:11,1.8601299999999998,1.8604500000000002
140,2023-05-09 00:01:12,1.86012,1.86044
141,2023-05-09 00:01:12,1.8601299999999998,1.8604500000000002
142,2023-05-09 00:01:12,1.86015,1.8604699999999998
143,2023-05-09 00:01:13,1.86014,1.86046
144,2023-05-09 00:01:14,1.86008,1.8604
145,2023-05-09 00:01:16,1.86007,1.86039
146,2023-05-09 00:01:17,1.86008,1.8604
147,2023-05-09 00:01:18,1.86007,1.86039
148,2023-05-09 00:01:18,1.86008,1.8604
149,2023-05-09 00:01:19,1.86009,1.86041
150,2023-05-09 00:01:19,1.86007,1.86039
151,2023-05-09 00:01:19,1.8601100000000002,1.86043
152,2023-05-09 00:01:20,1.8601,1.86042
153,2023-05-09 00:01:20,1.86009,1.86041
154,2023-05-09 00:01:22,1.86017,1.86049
155,2023-05-09 00:01:22,1.86015,1.8604699999999998
156,2023-05-09 00:01:23,1.86014,1.86046
157,2023-05-09 00:01:24,1.8601100000000002,1.86043
158,2023-05-09 00:01:24,1.8601,1.86042
159,2023-05-09 00:01:24,1.86009,1.86041
160,2023-05-09 00:01:24,1.8601,1.86042
161,2023-05-09 00:01:25,1.86009,1.86041
162,2023-05-09 00:01:25,1.8601,1.86042
163,2023-05-09 00:01:26,1.86009,1.86041
164,2023-05-09 00:01:26,1.8601,1.86042
165,2023-05-09 00:01:27,1.8601100000000002,1.86043
166,2023-05-09 00:01:28,1.8601,1.86042
167,2023-05-09 00:01:29,1.86009,1.86041
168,2023-05-09 00:01:29,1.86019,1.86051
169,2023-05-09 00:01:30,1.86016,1.86048
170,2023-05-09 00:01:31,1.86009,1.86041
171,2023-05-09 00:01:32,1.86006,1.8603800000000001
172,2023-05-09 00:01:32,1.86018,1.8605
173,2023-05-09 00:01:32,1.86017,1.86049
174,2023-05-09 00:01:33,1.86015,1.8604699999999998
175,2023-05-09 00:01:33,1.86016,1.86048
176,2023-05-09 00:01:34,1.8601299999999998,1.8604500000000002
177,2023-05-09 00:01:34,1.86012,1.86044
178,2023-05-09 00:01:35,1.8601299999999998,1.8604500000000002
179,2023-05-09 00:01:36,1.86017,1.86049
180,2023-05-09 00:01:36,1.86018,1.8605
181,2023-05-09 00:01:36,1.86017,1.86049
182,2023-05-09 00:01:37,1.86018,1.8605
183,2023-05-09 00:01:37,1.86019,1.86051
184,2023-05-09 00:01:37,1.86018,1.8605
185,2023-05-09 00:01:38,1.86019,1.86051
186,2023-05-09 00:01:39,1.8601999999999999,1.86052
187,2023-05-09 00:01:39,1.86017,1.86049
188,2023-05-09 00:01:40,1.86016,1.86048
189,2023-05-09 00:01:40,1.86018,1.8605
190,2023-05-09 00:01:41,1.8601999999999999,1.86052
191,2023-05-09 00:01:41,1.86019,1.86051
192,2023-05-09 00:01:43,1.86018,1.8605
193,2023-05-09 00:01:44,1.86017,1.86049
194,2023-05-09 00:01:44,1.86014,1.86046
195,2023-05-09 00:01:44,1.8601299999999998,1.8604500000000002
196,2023-05-09 00:01:44,1.86014,1.86046
197,2023-05-09 00:01:45,1.8601299999999998,1.8604500000000002
198,2023-05-09 00:01:45,1.86023,1.86055
199,2023-05-09 00:01:45,1.8601999999999999,1.86052
200,2023-05-09 00:01:46,1.86018,1.8605
201,2023-05-09 00:01:47,1.8601999999999999,1.86052
202,2023-05-09 00:01:47,1.86023,1.86055
203,2023-05-09 00:01:47,1.86022,1.8605399999999999
204,2023-05-09 00:01:48,1.86021,1.86053
205,2023-05-09 00:01:48,1.86019,1.86051
206,2023-05-09 00:01:48,1.86023,1.86055
207,2023-05-09 00:01:48,1.86022,1.8605399999999999
208,2023-05-09 00:01:50,1.86023,1.86055
209,2023-05-09 00:01:50,1.86026,1.8605800000000001
210,2023-05-09 00:01:50,1.86029,1.8606099999999999
211,2023-05-09 00:01:51,1.8603100000000001,1.86063
212,2023-05-09 00:01:51,1.8603,1.86062
213,2023-05-09 00:01:51,1.86035,1.86067
214,2023-05-09 00:01:52,1.86033,1.8606500000000001
215,2023-05-09 00:01:52,1.86029,1.8606099999999999
216,2023-05-09 00:01:52,1.8603100000000001,1.86063
217,2023-05-09 00:01:53,1.86037,1.86069
218,2023-05-09 00:01:53,1.8604,1.8607200000000002
219,2023-05-09 00:01:53,1.86036,1.86068
220,2023-05-09 00:01:55,1.8603800000000001,1.8607
221,2023-05-09 00:01:58,1.8604,1.8607200000000002
222,2023-05-09 00:01:58,1.86044,1.86076
223,2023-05-09 00:02:00,1.86048,1.8608
224,2023-05-09 00:02:00,1.8604699999999998,1.8607900000000002
225,2023-05-09 00:02:00,1.86044,1.86076
226,2023-05-09 00:02:00,1.86046,1.86078
227,2023-05-09 00:02:01,1.8604500000000002,1.86077
228,2023-05-09 00:02:02,1.86046,1.86078
229,2023-05-09 00:02:02,1.86039,1.86071
230,2023-05-09 00:02:03,1.8603800000000001,1.8607
231,2023-05-09 00:02:03,1.86049,1.8608099999999999
232,2023-05-09 00:02:03,1.8605,1.86082
233,2023-05-09 00:02:04,1.86048,1.8608
234,2023-05-09 00:02:04,1.86046,1.86078
235,2023-05-09 00:02:05,1.8604699999999998,1.8607900000000002
236,2023-05-09 00:02:06,1.86046,1.86078
237,2023-05-09 00:02:07,1.86048,1.8608
238,2023-05-09 00:02:07,1.86049,1.8608099999999999
239,2023-05-09 00:02:07,1.86048,1.8608
240,2023-05-09 00:02:08,1.86049,1.8608099999999999
241,2023-05-09 00:02:09,1.8605,1.86082
242,2023-05-09 00:02:09,1.86042,1.8607399999999998
243,2023-05-09 00:02:09,1.8604500000000002,1.86077
244,2023-05-09 00:02:09,1.86042,1.8607399999999998
245,2023-05-09 00:02:10,1.86043,1.86075
246,2023-05-09 00:02:11,1.86044,1.86076
247,2023-05-09 00:02:11,1.86042,1.86075
248,2023-05-09 00:02:11,1.86046,1.86078
249,2023-05-09 00:02:11,1.8604500000000002,1.86077
250,2023-05-09 00:02:12,1.86043,1.86075
251,2023-05-09 00:02:13,1.86046,1.86078
252,2023-05-09 00:02:13,1.8604500000000002,1.86077
253,2023-05-09 00:02:13,1.86044,1.86076
254,2023-05-09 00:02:14,1.86041,1.86073
255,2023-05-09 00:02:15,1.86039,1.86071
256,2023-05-09 00:02:15,1.86044,1.86076
257,2023-05-09 00:02:15,1.86046,1.86078
258,2023-05-09 00:02:16,1.8604699999999998,1.8607900000000002
259,2023-05-09 00:02:16,1.86048,1.8608
260,2023-05-09 00:02:18,1.8604500000000002,1.86077
261,2023-05-09 00:02:18,1.8604,1.8607200000000002
262,2023-05-09 00:02:26,1.86041,1.86073
263,2023-05-09 00:02:29,1.86042,1.8607399999999998
264,2023-05-09 00:02:29,1.86041,1.86073
265,2023-05-09 00:02:30,1.8603800000000001,1.8607
266,2023-05-09 00:02:31,1.86036,1.86068
267,2023-05-09 00:02:31,1.86037,1.86069
268,2023-05-09 00:02:32,1.86039,1.86071
269,2023-05-09 00:02:32,1.8604,1.8607200000000002
270,2023-05-09 00:02:32,1.86039,1.86071
271,2023-05-09 00:02:33,1.8603800000000001,1.8607
272,2023-05-09 00:02:33,1.86039,1.86071
273,2023-05-09 00:02:37,1.86037,1.86069
274,2023-05-09 00:02:37,1.86036,1.86068
275,2023-05-09 00:02:37,1.86037,1.86069
276,2023-05-09 00:02:38,1.86036,1.86068
277,2023-05-09 00:02:39,1.86048,1.8608
278,2023-05-09 00:02:39,1.8604699999999998,1.8607900000000002
279,2023-05-09 00:02:40,1.86048,1.8608
280,2023-05-09 00:02:41,1.8604699999999998,1.8607900000000002
281,2023-05-09 00:02:42,1.86048,1.8608
282,2023-05-09 00:02:44,1.86049,1.8608099999999999
283,2023-05-09 00:02:45,1.86053,1.8608500000000001
284,2023-05-09 00:02:45,1.86055,1.86087
285,2023-05-09 00:02:48,1.8605399999999999,1.86086
286,2023-05-09 00:02:48,1.86055,1.86087
287,2023-05-09 00:02:48,1.8605399999999999,1.86086
288,2023-05-09 00:02:50,1.86053,1.8608500000000001
289,2023-05-09 00:02:50,1.8605399999999999,1.86086
290,2023-05-09 00:02:51,1.86053,1.8608500000000001
291,2023-05-09 00:02:52,1.8605399999999999,1.86086
292,2023-05-09 00:02:52,1.86056,1.8608799999999999
293,2023-05-09 00:02:53,1.8605399999999999,1.86086
294,2023-05-09 00:02:53,1.8605,1.86082
295,2023-05-09 00:02:53,1.86057,1.86089
296,2023-05-09 00:02:54,1.8606,1.8609200000000001
297,2023-05-09 00:02:54,1.86057,1.86089
298,2023-05-09 00:02:54,1.86056,1.8608799999999999
299,2023-05-09 00:02:55,1.86057,1.86089
300,2023-05-09 00:02:55,1.86056,1.8608799999999999
301,2023-05-09 00:02:55,1.86057,1.86089
302,2023-05-09 00:02:56,1.8605800000000001,1.8609
303,2023-05-09 00:02:56,1.86059,1.86091
304,2023-05-09 00:02:57,1.8605800000000001,1.8609
305,2023-05-09 00:02:58,1.86056,1.8608799999999999
306,2023-05-09 00:02:59,1.86053,1.86087
307,2023-05-09 00:03:00,1.86053,1.86087
308,2023-05-09 00:03:00,1.86052,1.86084
309,2023-05-09 00:03:00,1.86053,1.8608500000000001
310,2023-05-09 00:03:01,1.8605399999999999,1.86086
311,2023-05-09 00:03:03,1.86052,1.86084
312,2023-05-09 00:03:04,1.86053,1.8608500000000001
313,2023-05-09 00:03:06,1.86052,1.86084
314,2023-05-09 00:03:06,1.86051,1.86083
315,2023-05-09 00:03:07,1.86053,1.8608500000000001
316,2023-05-09 00:03:07,1.86055,1.86087
317,2023-05-09 00:03:08,1.86056,1.8608799999999999
318,2023-05-09 00:03:09,1.86053,1.8608500000000001
319,2023-05-09 00:03:09,1.8604699999999998,1.8607900000000002
320,2023-05-09 00:03:09,1.86049,1.8608099999999999
321,2023-05-09 00:03:11,1.8604699999999998,1.8607900000000002
322,2023-05-09 00:03:13,1.86046,1.86078
323,2023-05-09 00:03:13,1.8604500000000002,1.86077
324,2023-05-09 00:03:13,1.86046,1.86078
325,2023-05-09 00:03:14,1.8604500000000002,1.86077
326,2023-05-09 00:03:14,1.86046,1.86078
327,2023-05-09 00:03:14,1.8604500000000002,1.86077
328,2023-05-09 00:03:16,1.86046,1.86078
329,2023-05-09 00:03:16,1.86048,1.8608
330,2023-05-09 00:03:16,1.86046,1.86078
331,2023-05-09 00:03:17,1.8604699999999998,1.8607900000000002
332,2023-05-09 00:03:18,1.86046,1.86078
333,2023-05-09 00:03:18,1.8604500000000002,1.86077
334,2023-05-09 00:03:20,1.8604699999999998,1.8607900000000002
335,2023-05-09 00:03:21,1.86048,1.8608
336,2023-05-09 00:03:21,1.8604699999999998,1.8607900000000002
337,2023-05-09 00:03:21,1.86051,1.86083
338,2023-05-09 00:03:22,1.8605399999999999,1.86086
339,2023-05-09 00:03:22,1.86052,1.86084
340,2023-05-09 00:03:22,1.86053,1.8608500000000001
341,2023-05-09 00:03:22,1.86055,1.86087
342,2023-05-09 00:03:23,1.86052,1.86084
343,2023-05-09 00:03:24,1.86048,1.8608
344,2023-05-09 00:03:26,1.86046,1.86078
345,2023-05-09 00:03:26,1.8604699999999998,1.8607900000000002
346,2023-05-09 00:03:27,1.86046,1.86078
347,2023-05-09 00:03:27,1.8604500000000002,1.86077
348,2023-05-09 00:03:28,1.8604699999999998,1.8607900000000002
349,2023-05-09 00:03:28,1.86046,1.86078
350,2023-05-09 00:03:28,1.8604500000000002,1.86077
351,2023-05-09 00:03:29,1.86046,1.86078
352,2023-05-09 00:03:30,1.8604500000000002,1.86077
353,2023-05-09 00:03:30,1.8604699999999998,1.8607900000000002
354,2023-05-09 00:03:31,1.86044,1.86076
355,2023-05-09 00:03:31,1.86043,1.86075
356,2023-05-09 00:03:32,1.86041,1.86073
357,2023-05-09 00:03:33,1.86042,1.8607399999999998
358,2023-05-09 00:03:35,1.86039,1.86071
359,2023-05-09 00:03:35,1.86035,1.86067
360,2023-05-09 00:03:35,1.8603800000000001,1.8607
361,2023-05-09 00:03:36,1.8604,1.8607200000000002
362,2023-05-09 00:03:36,1.86039,1.86071
363,2023-05-09 00:03:36,1.8604,1.8607200000000002
364,2023-05-09 00:03:37,1.86039,1.86071
365,2023-05-09 00:03:38,1.8604,1.8607200000000002
366,2023-05-09 00:03:38,1.86039,1.86071
367,2023-05-09 00:03:39,1.8604,1.8607200000000002
368,2023-05-09 00:03:39,1.8603800000000001,1.8607
369,2023-05-09 00:03:40,1.8604,1.8607200000000002
370,2023-05-09 00:03:40,1.86041,1.86073
371,2023-05-09 00:03:40,1.8604,1.8607200000000002
372,2023-05-09 00:03:41,1.86043,1.86075
373,2023-05-09 00:03:41,1.86042,1.8607399999999998
374,2023-05-09 00:03:41,1.86043,1.86075
375,2023-05-09 00:03:41,1.86041,1.86073
376,2023-05-09 00:03:42,1.86044,1.86076
377,2023-05-09 00:03:42,1.86042,1.8607399999999998
378,2023-05-09 00:03:42,1.86044,1.86076
379,2023-05-09 00:03:43,1.8604,1.8607200000000002
380,2023-05-09 00:03:43,1.86041,1.86073
381,2023-05-09 00:03:43,1.8604,1.8607200000000002
382,2023-05-09 00:03:44,1.86042,1.8607399999999998
383,2023-05-09 00:03:44,1.86036,1.86068
384,2023-05-09 00:03:44,1.86035,1.86067
385,2023-05-09 00:03:45,1.8603399999999999,1.86066
386,2023-05-09 00:03:46,1.86033,1.8606500000000001
387,2023-05-09 00:03:47,1.8603399999999999,1.86066
388,2023-05-09 00:03:48,1.86032,1.86064
389,2023-05-09 00:03:48,1.8603,1.86062
390,2023-05-09 00:03:49,1.86036,1.86068
391,2023-05-09 00:03:49,1.8603399999999999,1.86066
392,2023-05-09 00:03:49,1.86035,1.86067
393,2023-05-09 00:03:50,1.86029,1.8606099999999999
394,2023-05-09 00:03:50,1.8603100000000001,1.86063
395,2023-05-09 00:03:51,1.86032,1.86064
396,2023-05-09 00:03:52,1.86033,1.8606500000000001
397,2023-05-09 00:03:53,1.8603399999999999,1.86066
398,2023-05-09 00:03:53,1.86035,1.86067
399,2023-05-09 00:03:53,1.8603399999999999,1.86066
400,2023-05-09 00:03:53,1.86032,1.86064
401,2023-05-09 00:03:55,1.86033,1.8606500000000001
402,2023-05-09 00:03:56,1.8603399999999999,1.86066
403,2023-05-09 00:03:56,1.86035,1.86067
404,2023-05-09 00:03:57,1.86036,1.86068
405,2023-05-09 00:03:58,1.86041,1.86073
406,2023-05-09 00:03:59,1.86048,1.8608
407,2023-05-09 00:03:59,1.86044,1.86076
408,2023-05-09 00:04:00,1.86044,1.86076
409,2023-05-09 00:04:00,1.86043,1.86075
410,2023-05-09 00:04:01,1.86046,1.86078
411,2023-05-09 00:04:03,1.86044,1.86076
412,2023-05-09 00:04:04,1.86043,1.86075
413,2023-05-09 00:04:04,1.86044,1.86077
414,2023-05-09 00:04:04,1.86041,1.86073
415,2023-05-09 00:04:05,1.86046,1.86078
416,2023-05-09 00:04:05,1.86042,1.8607399999999998
417,2023-05-09 00:04:06,1.86043,1.86075
418,2023-05-09 00:04:06,1.86042,1.8607399999999998
419,2023-05-09 00:04:07,1.86043,1.86075
420,2023-05-09 00:04:12,1.8604500000000002,1.86077
421,2023-05-09 00:04:15,1.86043,1.86075
422,2023-05-09 00:04:16,1.8604699999999998,1.8607900000000002
423,2023-05-09 00:04:16,1.86046,1.86078
424,2023-05-09 00:04:16,1.8604500000000002,1.86077
425,2023-05-09 00:04:17,1.86043,1.86075
426,2023-05-09 00:04:17,1.86044,1.86076
427,2023-05-09 00:04:18,1.86043,1.86075
428,2023-05-09 00:04:18,1.8604500000000002,1.86077
429,2023-05-09 00:04:19,1.86042,1.8607399999999998
430,2023-05-09 00:04:19,1.86041,1.86073
431,2023-05-09 00:04:20,1.86042,1.8607399999999998
432,2023-05-09 00:04:21,1.86037,1.86069
433,2023-05-09 00:04:21,1.86039,1.86071
434,2023-05-09 00:04:22,1.8604,1.8607200000000002
435,2023-05-09 00:04:23,1.86039,1.86071
436,2023-05-09 00:04:23,1.86042,1.8607399999999998
437,2023-05-09 00:04:24,1.86044,1.86076
438,2023-05-09 00:04:24,1.8604699999999998,1.8607900000000002
439,2023-05-09 00:04:24,1.86046,1.86078
440,2023-05-09 00:04:25,1.86048,1.8608
441,2023-05-09 00:04:27,1.8604500000000002,1.86077
442,2023-05-09 00:04:27,1.86043,1.86075
443,2023-05-09 00:04:27,1.86042,1.8607399999999998
444,2023-05-09 00:04:27,1.8604500000000002,1.86077
445,2023-05-09 00:04:28,1.86048,1.8608
446,2023-05-09 00:04:28,1.86046,1.86078
447,2023-05-09 00:04:29,1.8604699999999998,1.8607900000000002
448,2023-05-09 00:04:30,1.86046,1.86078
449,2023-05-09 00:04:30,1.86044,1.86076
450,2023-05-09 00:04:31,1.8604500000000002,1.86077
451,2023-05-09 00:04:31,1.86044,1.86076
452,2023-05-09 00:04:35,1.8604500000000002,1.86077
453,2023-05-09 00:04:36,1.86044,1.86076
454,2023-05-09 00:04:38,1.86044,1.86077
455,2023-05-09 00:04:39,1.86044,1.86076
456,2023-05-09 00:04:40,1.8604500000000002,1.86077
457,2023-05-09 00:04:41,1.86044,1.86076
458,2023-05-09 00:04:41,1.86042,1.8607399999999998
459,2023-05-09 00:04:44,1.86041,1.86073
460,2023-05-09 00:04:44,1.86044,1.86076
461,2023-05-09 00:04:45,1.86042,1.8607399999999998
462,2023-05-09 00:04:45,1.86044,1.86076
463,2023-05-09 00:04:45,1.86042,1.8607399999999998
464,2023-05-09 00:04:45,1.86043,1.86075
465,2023-05-09 00:04:47,1.86044,1.86076
466,2023-05-09 00:04:48,1.86043,1.86075
467,2023-05-09 00:04:48,1.86044,1.86076
468,2023-05-09 00:04:49,1.86042,1.8607399999999998
469,2023-05-09 00:04:49,1.86044,1.86076
470,2023-05-09 00:04:49,1.86043,1.86075
471,2023-05-09 00:04:49,1.86042,1.8607399999999998
472,2023-05-09 00:04:50,1.86043,1.86075
473,2023-05-09 00:04:51,1.86043,1.86076
474,2023-05-09 00:04:51,1.86044,1.86076
475,2023-05-09 00:04:51,1.86042,1.8607399999999998
476,2023-05-09 00:04:52,1.86043,1.86076
477,2023-05-09 00:04:53,1.86036,1.86068
478,2023-05-09 00:04:53,1.86032,1.86064
479,2023-05-09 00:04:54,1.86029,1.8606099999999999
480,2023-05-09 00:04:54,1.86026,1.8605800000000001
481,2023-05-09 00:04:54,1.8602400000000001,1.86056
482,2023-05-09 00:04:57,1.86018,1.8605
483,2023-05-09 00:04:59,1.86019,1.86051
484,2023-05-09 00:04:59,1.86023,1.86055
485,2023-05-09 00:05:00,1.86023,1.86055
486,2023-05-09 00:05:01,1.86022,1.8605399999999999
487,2023-05-09 00:05:02,1.86017,1.86049
488,2023-05-09 00:05:02,1.8601299999999998,1.8604500000000002
489,2023-05-09 00:05:15,1.86012,1.86044
490,2023-05-09 00:05:18,1.86003,1.86035
491,2023-05-09 00:05:18,1.85992,1.8602400000000001
492,2023-05-09 00:05:19,1.85988,1.8601999999999999
493,2023-05-09 00:05:19,1.85976,1.86008
494,2023-05-09 00:05:20,1.8597000000000001,1.86002
495,2023-05-09 00:05:20,1.85969,1.86001
496,2023-05-09 00:05:21,1.85968,1.8599999999999999
497,2023-05-09 00:05:22,1.85971,1.86003
498,2023-05-09 00:05:24,1.8597000000000001,1.86002
499,2023-05-09 00:05:24,1.85969,1.86001
500,2023-05-09 00:05:25,1.85971,1.86003
501,2023-05-09 00:05:26,1.85969,1.86001
502,2023-05-09 00:05:26,1.8597000000000001,1.86002
503,2023-05-09 00:05:26,1.85965,1.8599700000000001
504,2023-05-09 00:05:26,1.85962,1.85994
505,2023-05-09 00:05:27,1.85964,1.85996
506,2023-05-09 00:05:27,1.85956,1.85988
507,2023-05-09 00:05:27,1.85955,1.85987
508,2023-05-09 00:05:28,1.85956,1.85988
509,2023-05-09 00:05:29,1.85954,1.8598599999999998
510,2023-05-09 00:05:30,1.85956,1.85988
511,2023-05-09 00:05:30,1.8595199999999998,1.8598400000000002
512,2023-05-09 00:05:30,1.85948,1.8598
513,2023-05-09 00:05:31,1.85946,1.85978
514,2023-05-09 00:05:33,1.85944,1.85976
515,2023-05-09 00:05:35,1.85945,1.8597700000000001
516,2023-05-09 00:05:36,1.85946,1.85978
517,2023-05-09 00:05:38,1.8595000000000002,1.85982
518,2023-05-09 00:05:38,1.85949,1.85981
519,2023-05-09 00:05:39,1.8595000000000002,1.85982
520,2023-05-09 00:05:41,1.85951,1.85983
521,2023-05-09 00:05:41,1.8595000000000002,1.85982
522,2023-05-09 00:05:41,1.85949,1.85981
523,2023-05-09 00:05:42,1.8595000000000002,1.85982
524,2023-05-09 00:05:42,1.85951,1.85983
525,2023-05-09 00:05:42,1.8595000000000002,1.85982
526,2023-05-09 00:05:43,1.85949,1.85981
527,2023-05-09 00:05:43,1.8595000000000002,1.85982
528,2023-05-09 00:05:43,1.85947,1.85979
529,2023-05-09 00:05:44,1.85955,1.85987
530,2023-05-09 00:05:44,1.85954,1.8598599999999998
531,2023-05-09 00:05:45,1.85949,1.85981
532,2023-05-09 00:05:45,1.85947,1.85979
533,2023-05-09 00:05:45,1.85949,1.85981
534,2023-05-09 00:05:45,1.85951,1.85983
535,2023-05-09 00:05:46,1.85949,1.85981
536,2023-05-09 00:05:47,1.8595199999999998,1.8598400000000002
537,2023-05-09 00:05:47,1.85957,1.85989
538,2023-05-09 00:05:47,1.85962,1.85994
539,2023-05-09 00:05:48,1.85961,1.8599299999999999
540,2023-05-09 00:05:48,1.85962,1.85994
541,2023-05-09 00:05:50,1.8596300000000001,1.85995
542,2023-05-09 00:05:50,1.85962,1.85994
543,2023-05-09 00:05:51,1.85957,1.85989
544,2023-05-09 00:05:52,1.85956,1.85988
545,2023-05-09 00:05:53,1.85958,1.8599
546,2023-05-09 00:05:53,1.85953,1.85985
547,2023-05-09 00:05:54,1.85951,1.85983
548,2023-05-09 00:05:56,1.85949,1.85981
549,2023-05-09 00:05:56,1.85951,1.85983
550,2023-05-09 00:05:57,1.8595000000000002,1.85982
551,2023-05-09 00:05:59,1.85947,1.85979
552,2023-05-09 00:06:00,1.85947,1.85979
553,2023-05-09 00:06:00,1.85945,1.8597700000000001
554,2023-05-09 00:06:00,1.85946,1.85978
555,2023-05-09 00:06:01,1.85945,1.8597700000000001
556,2023-05-09 00:06:01,1.85944,1.85976
557,2023-05-09 00:06:03,1.85945,1.8597700000000001
558,2023-05-09 00:06:06,1.85947,1.85979
559,2023-05-09 00:06:09,1.85945,1.8597700000000001
560,2023-05-09 00:06:09,1.85946,1.85978
561,2023-05-09 00:06:11,1.85945,1.8597700000000001
562,2023-05-09 00:06:11,1.85946,1.85978
563,2023-05-09 00:06:12,1.85944,1.85976
564,2023-05-09 00:06:13,1.85942,1.85974
565,2023-05-09 00:06:14,1.85944,1.85976
566,2023-05-09 00:06:14,1.85945,1.8597700000000001
567,2023-05-09 00:06:15,1.85946,1.85978
568,2023-05-09 00:06:15,1.85945,1.8597700000000001
569,2023-05-09 00:06:16,1.85946,1.85978
570,2023-05-09 00:06:17,1.85944,1.85976
571,2023-05-09 00:06:18,1.85945,1.8597700000000001
572,2023-05-09 00:06:18,1.85947,1.85979
573,2023-05-09 00:06:20,1.85946,1.85978
574,2023-05-09 00:06:21,1.8595000000000002,1.85982
575,2023-05-09 00:06:22,1.85948,1.8598
576,2023-05-09 00:06:22,1.85945,1.8597700000000001
577,2023-05-09 00:06:22,1.85947,1.85979
578,2023-05-09 00:06:22,1.85946,1.85978
579,2023-05-09 00:06:23,1.85947,1.85979
580,2023-05-09 00:06:25,1.85946,1.85978
581,2023-05-09 00:06:25,1.85948,1.8598
582,2023-05-09 00:06:26,1.85945,1.8597700000000001
583,2023-05-09 00:06:26,1.85948,1.8598
584,2023-05-09 00:06:29,1.85947,1.85979
585,2023-05-09 00:06:30,1.85948,1.8598
586,2023-05-09 00:06:30,1.85946,1.85978
587,2023-05-09 00:06:30,1.85947,1.85979
588,2023-05-09 00:06:31,1.85946,1.85978
589,2023-05-09 00:06:32,1.85949,1.85981
590,2023-05-09 00:06:32,1.8595000000000002,1.85982
591,2023-05-09 00:06:32,1.85949,1.85981
592,2023-05-09 00:06:33,1.8595000000000002,1.85982
593,2023-05-09 00:06:33,1.8595199999999998,1.8598400000000002
594,2023-05-09 00:06:33,1.8595000000000002,1.85982
595,2023-05-09 00:06:36,1.8595199999999998,1.8598400000000002
596,2023-05-09 00:06:40,1.85958,1.8599
597,2023-05-09 00:06:40,1.85955,1.85987
598,2023-05-09 00:06:40,1.85953,1.85985
599,2023-05-09 00:06:41,1.85954,1.8598599999999998
600,2023-05-09 00:06:41,1.85953,1.85985
601,2023-05-09 00:06:42,1.85957,1.85989
602,2023-05-09 00:06:42,1.85958,1.8599
603,2023-05-09 00:06:43,1.8595899999999999,1.85991
604,2023-05-09 00:06:46,1.85958,1.8599
605,2023-05-09 00:06:47,1.8595899999999999,1.85991
606,2023-05-09 00:06:48,1.85958,1.8599
607,2023-05-09 00:06:51,1.85955,1.85987
608,2023-05-09 00:06:51,1.85953,1.85985
609,2023-05-09 00:06:52,1.85955,1.85987
610,2023-05-09 00:06:52,1.85953,1.85985
611,2023-05-09 00:06:52,1.85955,1.85987
612,2023-05-09 00:06:53,1.8595199999999998,1.8598400000000002
613,2023-05-09 00:06:54,1.85955,1.85987
614,2023-05-09 00:06:56,1.85953,1.85985
615,2023-05-09 00:06:56,1.8595199999999998,1.8598400000000002
616,2023-05-09 00:06:57,1.85948,1.8598
617,2023-05-09 00:06:57,1.85951,1.85983
618,2023-05-09 00:06:57,1.8595000000000002,1.85982
619,2023-05-09 00:06:57,1.85953,1.85985
620,2023-05-09 00:06:59,1.8595199999999998,1.8598400000000002
621,2023-05-09 00:06:59,1.85951,1.85983
622,2023-05-09 00:06:59,1.85954,1.8598599999999998
623,2023-05-09 00:07:00,1.85954,1.8598599999999998
624,2023-05-09 00:07:02,1.85951,1.85983
625,2023-05-09 00:07:02,1.85953,1.85985
626,2023-05-09 00:07:04,1.85949,1.85981
627,2023-05-09 00:07:06,1.85948,1.8598
628,2023-05-09 00:07:06,1.8595000000000002,1.85982
629,2023-05-09 00:07:09,1.85949,1.85981
630,2023-05-09 00:07:11,1.85948,1.8598
631,2023-05-09 00:07:11,1.85949,1.85981
632,2023-05-09 00:07:12,1.8595000000000002,1.85982
633,2023-05-09 00:07:12,1.85948,1.8598
634,2023-05-09 00:07:12,1.8595000000000002,1.85982
635,2023-05-09 00:07:12,1.85947,1.85979
636,2023-05-09 00:07:13,1.85945,1.8597700000000001
637,2023-05-09 00:07:13,1.85944,1.85976
638,2023-05-09 00:07:14,1.85945,1.8597700000000001
639,2023-05-09 00:07:15,1.85946,1.85978
640,2023-05-09 00:07:16,1.85948,1.8598
641,2023-05-09 00:07:16,1.85945,1.8597700000000001
642,2023-05-09 00:07:17,1.85944,1.85976
643,2023-05-09 00:07:17,1.85945,1.8597700000000001
644,2023-05-09 00:07:17,1.8594300000000001,1.85975
645,2023-05-09 00:07:18,1.85942,1.85974
646,2023-05-09 00:07:20,1.8594300000000001,1.85975
647,2023-05-09 00:07:20,1.85942,1.85974
648,2023-05-09 00:07:21,1.8594300000000001,1.85975
649,2023-05-09 00:07:22,1.85944,1.85976
650,2023-05-09 00:07:24,1.85941,1.8597299999999999
651,2023-05-09 00:07:24,1.85945,1.8597700000000001
652,2023-05-09 00:07:25,1.8594300000000001,1.85975
653,2023-05-09 00:07:25,1.85944,1.85976
654,2023-05-09 00:07:25,1.85942,1.85974
655,2023-05-09 00:07:26,1.85944,1.85976
656,2023-05-09 00:07:26,1.8594,1.85972
657,2023-05-09 00:07:26,1.85938,1.8597000000000001
658,2023-05-09 00:07:27,1.85937,1.85969
659,2023-05-09 00:07:28,1.85938,1.8597000000000001
660,2023-05-09 00:07:29,1.8593600000000001,1.85968
661,2023-05-09 00:07:33,1.85934,1.8596599999999999
662,2023-05-09 00:07:33,1.8593199999999999,1.85964
663,2023-05-09 00:07:33,1.85931,1.8596300000000001
664,2023-05-09 00:07:33,1.8593,1.85962
665,2023-05-09 00:07:34,1.85929,1.85961
666,2023-05-09 00:07:34,1.8593,1.85962
667,2023-05-09 00:07:36,1.85924,1.85956
668,2023-05-09 00:07:36,1.85918,1.8595000000000002
669,2023-05-09 00:07:36,1.85919,1.85951
670,2023-05-09 00:07:38,1.8592,1.8595199999999998
671,2023-05-09 00:07:39,1.85919,1.85951
672,2023-05-09 00:07:40,1.8592,1.8595199999999998
673,2023-05-09 00:07:40,1.85919,1.8595199999999998
674,2023-05-09 00:07:41,1.85921,1.85953
675,2023-05-09 00:07:41,1.85922,1.85954
676,2023-05-09 00:07:41,1.85921,1.85953
677,2023-05-09 00:07:42,1.85922,1.85954
678,2023-05-09 00:07:44,1.8592300000000002,1.85955
679,2023-05-09 00:07:44,1.85924,1.85956
680,2023-05-09 00:07:46,1.8592300000000002,1.85955
681,2023-05-09 00:07:46,1.85924,1.85956
682,2023-05-09 00:07:47,1.85921,1.85953
683,2023-05-09 00:07:47,1.8592,1.8595199999999998
684,2023-05-09 00:07:48,1.8592300000000002,1.85955
685,2023-05-09 00:07:51,1.85924,1.85956
686,2023-05-09 00:07:52,1.8592300000000002,1.85955
687,2023-05-09 00:07:52,1.85922,1.85954
688,2023-05-09 00:07:52,1.8592499999999998,1.85957
689,2023-05-09 00:07:54,1.85922,1.85954
690,2023-05-09 00:07:54,1.85917,1.85949
691,2023-05-09 00:07:54,1.8591600000000001,1.85948
692,2023-05-09 00:07:56,1.85917,1.85949
693,2023-05-09 00:07:56,1.85918,1.8595000000000002
694,2023-05-09 00:07:56,1.8592,1.8595199999999998
695,2023-05-09 00:07:57,1.85918,1.8595000000000002
696,2023-05-09 00:07:58,1.85919,1.85951
697,2023-05-09 00:07:58,1.8592,1.8595199999999998
698,2023-05-09 00:07:58,1.85922,1.85954
699,2023-05-09 00:08:00,1.85922,1.85954
700,2023-05-09 00:08:01,1.85915,1.85947
701,2023-05-09 00:08:02,1.85914,1.85946
702,2023-05-09 00:08:03,1.8591600000000001,1.85948
703,2023-05-09 00:08:03,1.85915,1.85947
704,2023-05-09 00:08:03,1.85914,1.85947
705,2023-05-09 00:08:04,1.85915,1.85947
706,2023-05-09 00:08:04,1.85913,1.85945
707,2023-05-09 00:08:04,1.85914,1.85946
708,2023-05-09 00:08:05,1.85913,1.85945
709,2023-05-09 00:08:05,1.8591600000000001,1.85948
710,2023-05-09 00:08:06,1.85915,1.85947
711,2023-05-09 00:08:08,1.85914,1.85946
712,2023-05-09 00:08:10,1.8591600000000001,1.85948
713,2023-05-09 00:08:10,1.85914,1.85946
714,2023-05-09 00:08:12,1.8591600000000001,1.85948
715,2023-05-09 00:08:13,1.85913,1.85945
716,2023-05-09 00:08:13,1.85915,1.85947
717,2023-05-09 00:08:13,1.85922,1.85954
718,2023-05-09 00:08:14,1.85921,1.85953
719,2023-05-09 00:08:14,1.85924,1.85956
720,2023-05-09 00:08:15,1.85921,1.85953
721,2023-05-09 00:08:15,1.85922,1.85954
722,2023-05-09 00:08:15,1.8592300000000002,1.85955
723,2023-05-09 00:08:15,1.8592499999999998,1.85957
724,2023-05-09 00:08:16,1.85924,1.85956
725,2023-05-09 00:08:16,1.8592300000000002,1.85955
726,2023-05-09 00:08:17,1.8592,1.8595199999999998
727,2023-05-09 00:08:17,1.85919,1.85951
728,2023-05-09 00:08:17,1.8591600000000001,1.85948
729,2023-05-09 00:08:19,1.85915,1.85947
730,2023-05-09 00:08:19,1.85913,1.85945
731,2023-05-09 00:08:19,1.85914,1.85946
732,2023-05-09 00:08:20,1.85917,1.85949
733,2023-05-09 00:08:20,1.85915,1.85947
734,2023-05-09 00:08:21,1.85914,1.85946
735,2023-05-09 00:08:22,1.8591199999999999,1.85944
736,2023-05-09 00:08:22,1.85911,1.8594300000000001
737,2023-05-09 00:08:30,1.8591199999999999,1.85944
738,2023-05-09 00:08:32,1.85921,1.85953
739,2023-05-09 00:08:32,1.8592300000000002,1.85955
740,2023-05-09 00:08:33,1.85921,1.85953
741,2023-05-09 00:08:34,1.85919,1.85951
742,2023-05-09 00:08:34,1.85918,1.8595000000000002
743,2023-05-09 00:08:37,1.85919,1.85951
744,2023-05-09 00:08:38,1.85921,1.85953
745,2023-05-09 00:08:39,1.85922,1.85954
746,2023-05-09 00:08:40,1.8592,1.8595199999999998
747,2023-05-09 00:08:40,1.8592300000000002,1.85955
748,2023-05-09 00:08:41,1.85921,1.85953
749,2023-05-09 00:08:42,1.8592,1.8595199999999998
750,2023-05-09 00:08:42,1.85921,1.85953
751,2023-05-09 00:08:42,1.8592,1.8595199999999998
752,2023-05-09 00:08:43,1.85921,1.85953
753,2023-05-09 00:08:43,1.85918,1.8595000000000002
754,2023-05-09 00:08:44,1.85915,1.85947
755,2023-05-09 00:08:44,1.8591600000000001,1.85948
756,2023-05-09 00:08:45,1.85914,1.85946
757,2023-05-09 00:08:46,1.8591600000000001,1.85948
758,2023-05-09 00:08:46,1.85915,1.85947
759,2023-05-09 00:08:46,1.8591600000000001,1.85948
760,2023-05-09 00:08:46,1.85919,1.85951
761,2023-05-09 00:08:47,1.85921,1.85953
762,2023-05-09 00:08:48,1.85922,1.85954
763,2023-05-09 00:08:48,1.8592300000000002,1.85955
764,2023-05-09 00:08:49,1.85922,1.85954
765,2023-05-09 00:08:53,1.8592,1.8595199999999998
766,2023-05-09 00:08:53,1.85922,1.85954
767,2023-05-09 00:08:54,1.85919,1.85951
768,2023-05-09 00:08:59,1.85911,1.8594300000000001
769,2023-05-09 00:08:59,1.85917,1.85949
770,2023-05-09 00:09:00,1.85917,1.85949
771,2023-05-09 00:09:00,1.85918,1.8595000000000002
772,2023-05-09 00:09:00,1.85919,1.85951
773,2023-05-09 00:09:01,1.8592,1.8595199999999998
774,2023-05-09 00:09:02,1.85921,1.85953
775,2023-05-09 00:09:03,1.8593,1.85962
776,2023-05-09 00:09:03,1.85928,1.8596
777,2023-05-09 00:09:03,1.85924,1.85956
778,2023-05-09 00:09:04,1.8592300000000002,1.85955
779,2023-05-09 00:09:05,1.8592,1.8595199999999998
780,2023-05-09 00:09:05,1.85921,1.85953
781,2023-05-09 00:09:06,1.85922,1.85954
782,2023-05-09 00:09:07,1.8592300000000002,1.85955
783,2023-05-09 00:09:08,1.85924,1.85956
784,2023-05-09 00:09:08,1.85922,1.85954
785,2023-05-09 00:09:10,1.85917,1.85949
786,2023-05-09 00:09:10,1.85915,1.85947
787,2023-05-09 00:09:10,1.8591,1.85942
788,2023-05-09 00:09:11,1.85903,1.85935
789,2023-05-09 00:09:12,1.85904,1.8593600000000001
790,2023-05-09 00:09:12,1.85906,1.85938
791,2023-05-09 00:09:13,1.8590900000000001,1.85941
792,2023-05-09 00:09:14,1.8591,1.85942
793,2023-05-09 00:09:15,1.85911,1.8594300000000001
794,2023-05-09 00:09:15,1.85907,1.8593899999999999
795,2023-05-09 00:09:16,1.85901,1.85933
796,2023-05-09 00:09:17,1.8590200000000001,1.85934
797,2023-05-09 00:09:18,1.85901,1.85933
798,2023-05-09 00:09:21,1.85899,1.85931
799,2023-05-09 00:09:22,1.859,1.8593199999999999
800,2023-05-09 00:09:22,1.85899,1.85931
801,2023-05-09 00:09:22,1.8589799999999999,1.8593
802,2023-05-09 00:09:24,1.859,1.8593199999999999
803,2023-05-09 00:09:33,1.85904,1.8593600000000001
804,2023-05-09 00:09:33,1.85906,1.85938
805,2023-05-09 00:09:33,1.85907,1.8593899999999999
806,2023-05-09 00:09:34,1.85906,1.85938
807,2023-05-09 00:09:38,1.8591199999999999,1.85944
808,2023-05-09 00:09:38,1.85915,1.85947
809,2023-05-09 00:09:39,1.85922,1.85954
810,2023-05-09 00:09:40,1.85921,1.85953
811,2023-05-09 00:09:40,1.8592499999999998,1.85957
812,2023-05-09 00:09:40,1.8592300000000002,1.85955
813,2023-05-09 00:09:42,1.85921,1.85953
814,2023-05-09 00:09:42,1.85922,1.85954
815,2023-05-09 00:09:44,1.85924,1.85956
816,2023-05-09 00:09:44,1.8592300000000002,1.85955
817,2023-05-09 00:09:45,1.85922,1.85954
818,2023-05-09 00:09:45,1.85921,1.85953
819,2023-05-09 00:09:45,1.8592,1.8595199999999998
820,2023-05-09 00:09:45,1.85921,1.85953
821,2023-05-09 00:09:46,1.8592,1.8595199999999998
822,2023-05-09 00:09:46,1.85922,1.85954
823,2023-05-09 00:09:46,1.85921,1.85953
824,2023-05-09 00:09:49,1.8592,1.8595199999999998
825,2023-05-09 00:09:50,1.8592499999999998,1.85957
826,2023-05-09 00:09:50,1.85924,1.85956
827,2023-05-09 00:09:50,1.8592300000000002,1.85955
828,2023-05-09 00:09:51,1.8592499999999998,1.85957
829,2023-05-09 00:09:51,1.85924,1.85956
830,2023-05-09 00:09:52,1.8592499999999998,1.85957
831,2023-05-09 00:09:53,1.85924,1.85956
832,2023-05-09 00:09:54,1.8592499999999998,1.85957
833,2023-05-09 00:09:55,1.85926,1.85958
834,2023-05-09 00:09:55,1.85924,1.85956
835,2023-05-09 00:09:57,1.85921,1.85953
836,2023-05-09 00:09:58,1.85922,1.85954
837,2023-05-09 00:09:58,1.85921,1.85953
838,2023-05-09 00:09:59,1.8592300000000002,1.85955
839,2023-05-09 00:09:59,1.85922,1.85954
840,2023-05-09 00:10:00,1.85922,1.85954
841,2023-05-09 00:10:00,1.8592300000000002,1.85955
842,2023-05-09 00:10:00,1.85922,1.85954
843,2023-05-09 00:10:01,1.85918,1.8595000000000002
844,2023-05-09 00:10:01,1.85917,1.85949
845,2023-05-09 00:10:01,1.85915,1.85947
846,2023-05-09 00:10:01,1.85917,1.85949
847,2023-05-09 00:10:02,1.85918,1.8595000000000002
848,2023-05-09 00:10:02,1.85917,1.85949
849,2023-05-09 00:10:02,1.8591600000000001,1.85948
850,2023-05-09 00:10:02,1.85915,1.85947
851,2023-05-09 00:10:03,1.85918,1.8595000000000002
852,2023-05-09 00:10:03,1.85917,1.85949
853,2023-05-09 00:10:03,1.85918,1.8595000000000002
854,2023-05-09 00:10:03,1.85917,1.85949
855,2023-05-09 00:10:04,1.85918,1.8595000000000002
856,2023-05-09 00:10:05,1.8592300000000002,1.85955
857,2023-05-09 00:10:05,1.8592,1.8595199999999998
858,2023-05-09 00:10:05,1.85921,1.85953
859,2023-05-09 00:10:06,1.85922,1.85954
860,2023-05-09 00:10:08,1.8592300000000002,1.85955
861,2023-05-09 00:10:08,1.85922,1.85954
862,2023-05-09 00:10:12,1.8592300000000002,1.85955
863,2023-05-09 00:10:12,1.85924,1.85956
864,2023-05-09 00:10:13,1.8592300000000002,1.85955
865,2023-05-09 00:10:13,1.85924,1.85956
866,2023-05-09 00:10:14,1.8592,1.8595199999999998
867,2023-05-09 00:10:15,1.8592300000000002,1.85955
868,2023-05-09 00:10:15,1.85922,1.85954
869,2023-05-09 00:10:16,1.8592,1.8595199999999998
870,2023-05-09 00:10:16,1.85921,1.85953
871,2023-05-09 00:10:21,1.85924,1.85956
872,2023-05-09 00:10:21,1.85933,1.85965
873,2023-05-09 00:10:21,1.85931,1.8596300000000001
874,2023-05-09 00:10:22,1.85933,1.85965
875,2023-05-09 00:10:22,1.85931,1.8596300000000001
876,2023-05-09 00:10:23,1.85933,1.85965
877,2023-05-09 00:10:23,1.8593199999999999,1.85964
878,2023-05-09 00:10:24,1.85931,1.8596300000000001
879,2023-05-09 00:10:24,1.85933,1.85965
880,2023-05-09 00:10:25,1.85934,1.8596599999999999
881,2023-05-09 00:10:26,1.85931,1.8596300000000001
882,2023-05-09 00:10:26,1.85938,1.8597000000000001
883,2023-05-09 00:10:26,1.85937,1.85969
884,2023-05-09 00:10:28,1.85938,1.8597000000000001
885,2023-05-09 00:10:28,1.8593899999999999,1.85971
886,2023-05-09 00:10:29,1.8593600000000001,1.85968
887,2023-05-09 00:10:29,1.85937,1.85969
888,2023-05-09 00:10:30,1.85938,1.8597000000000001
889,2023-05-09 00:10:31,1.85935,1.85967
890,2023-05-09 00:10:32,1.85937,1.85969
891,2023-05-09 00:10:32,1.8593600000000001,1.85968
892,2023-05-09 00:10:32,1.8593899999999999,1.85971
893,2023-05-09 00:10:33,1.85934,1.8596599999999999
894,2023-05-09 00:10:33,1.85933,1.85965
895,2023-05-09 00:10:35,1.85934,1.8596599999999999
896,2023-05-09 00:10:35,1.8593199999999999,1.85964
897,2023-05-09 00:10:35,1.85929,1.85961
898,2023-05-09 00:10:36,1.85928,1.8596
899,2023-05-09 00:10:36,1.85929,1.85961
900,2023-05-09 00:10:37,1.85928,1.8596
901,2023-05-09 00:10:37,1.8593,1.85962
902,2023-05-09 00:10:37,1.85928,1.8596
903,2023-05-09 00:10:40,1.85926,1.85958
904,2023-05-09 00:10:40,1.85927,1.85961
905,2023-05-09 00:10:40,1.85928,1.8596
906,2023-05-09 00:10:40,1.8593199999999999,1.85964
907,2023-05-09 00:10:41,1.85934,1.8596599999999999
908,2023-05-09 00:10:41,1.85931,1.8596300000000001
909,2023-05-09 00:10:41,1.8593,1.85962
910,2023-05-09 00:10:42,1.85929,1.85961
911,2023-05-09 00:10:42,1.85931,1.8596300000000001
912,2023-05-09 00:10:44,1.8593199999999999,1.85964
913,2023-05-09 00:10:44,1.8593,1.85962
914,2023-05-09 00:10:45,1.85929,1.85961
915,2023-05-09 00:10:45,1.8593,1.85962
916,2023-05-09 00:10:46,1.85929,1.85961
917,2023-05-09 00:10:46,1.8593,1.85962
918,2023-05-09 00:10:46,1.8593199999999999,1.85964
919,2023-05-09 00:10:46,1.85929,1.85961
920,2023-05-09 00:10:47,1.8593,1.85962
921,2023-05-09 00:10:48,1.85929,1.85961
922,2023-05-09 00:10:49,1.85927,1.8595899999999999
923,2023-05-09 00:10:49,1.85921,1.85953
924,2023-05-09 00:10:49,1.8592300000000002,1.85955
925,2023-05-09 00:10:49,1.85924,1.85956
926,2023-05-09 00:10:50,1.8592300000000002,1.85955
927,2023-05-09 00:10:53,1.85921,1.85953
928,2023-05-09 00:10:53,1.8592,1.8595199999999998
929,2023-05-09 00:10:53,1.85921,1.85953
930,2023-05-09 00:10:54,1.8592300000000002,1.85955
931,2023-05-09 00:10:55,1.85924,1.85956
932,2023-05-09 00:10:55,1.85922,1.85954
933,2023-05-09 00:10:55,1.8592,1.8595199999999998
934,2023-05-09 00:10:56,1.85922,1.85954
935,2023-05-09 00:10:56,1.85921,1.85953
936,2023-05-09 00:10:57,1.8592,1.8595199999999998
937,2023-05-09 00:10:58,1.85922,1.85954
938,2023-05-09 00:10:58,1.85924,1.85956
939,2023-05-09 00:10:59,1.8592499999999998,1.85957
940,2023-05-09 00:11:00,1.85924,1.85956
941,2023-05-09 00:11:00,1.8592499999999998,1.85957
942,2023-05-09 00:11:01,1.85926,1.85958
943,2023-05-09 00:11:02,1.8592499999999998,1.85957
944,2023-05-09 00:11:03,1.85933,1.85965
945,2023-05-09 00:11:04,1.85931,1.8596300000000001
946,2023-05-09 00:11:04,1.85928,1.8596
947,2023-05-09 00:11:05,1.8593,1.85962
948,2023-05-09 00:11:05,1.85928,1.8596
949,2023-05-09 00:11:05,1.8592300000000002,1.85955
950,2023-05-09 00:11:10,1.85921,1.85953
951,2023-05-09 00:11:11,1.85913,1.85945
952,2023-05-09 00:11:11,1.8591199999999999,1.85944
953,2023-05-09 00:11:11,1.85911,1.8594300000000001
954,2023-05-09 00:11:12,1.8591199999999999,1.85944
955,2023-05-09 00:11:15,1.85913,1.85945
956,2023-05-09 00:11:16,1.8591,1.85942
957,2023-05-09 00:11:16,1.85911,1.8594300000000001
958,2023-05-09 00:11:16,1.85913,1.85945
959,2023-05-09 00:11:17,1.8591199999999999,1.85944
960,2023-05-09 00:11:18,1.85911,1.8594300000000001
961,2023-05-09 00:11:19,1.85913,1.85945
962,2023-05-09 00:11:19,1.85911,1.8594300000000001
963,2023-05-09 00:11:19,1.8591199999999999,1.85944
964,2023-05-09 00:11:21,1.85914,1.85946
965,2023-05-09 00:11:21,1.8591199999999999,1.85944
966,2023-05-09 00:11:22,1.85914,1.85946
967,2023-05-09 00:11:22,1.8591199999999999,1.85944
968,2023-05-09 00:11:22,1.85911,1.8594300000000001
969,2023-05-09 00:11:23,1.8591,1.85942
970,2023-05-09 00:11:23,1.85911,1.8594300000000001
971,2023-05-09 00:11:26,1.8591199999999999,1.85944
972,2023-05-09 00:11:26,1.85911,1.8594300000000001
973,2023-05-09 00:11:33,1.8591199999999999,1.85944
974,2023-05-09 00:11:37,1.85914,1.85946
975,2023-05-09 00:11:37,1.85915,1.85947
976,2023-05-09 00:11:37,1.8591,1.85942
977,2023-05-09 00:11:37,1.8591199999999999,1.85944
978,2023-05-09 00:11:38,1.8591,1.85942
979,2023-05-09 00:11:38,1.85907,1.8593899999999999
980,2023-05-09 00:11:38,1.8590900000000001,1.85941
981,2023-05-09 00:11:39,1.85907,1.8593899999999999
982,2023-05-09 00:11:39,1.85908,1.8594
983,2023-05-09 00:11:39,1.8591199999999999,1.85944
984,2023-05-09 00:11:40,1.85911,1.8594300000000001
985,2023-05-09 00:11:41,1.8591,1.85942
986,2023-05-09 00:11:44,1.8590900000000001,1.85941
987,2023-05-09 00:11:44,1.85908,1.8594
988,2023-05-09 00:11:44,1.85907,1.8593899999999999
989,2023-05-09 00:11:45,1.85908,1.8594
990,2023-05-09 00:11:45,1.85911,1.8594300000000001
991,2023-05-09 00:11:46,1.8590900000000001,1.85942
992,2023-05-09 00:11:46,1.85906,1.85938
993,2023-05-09 00:11:46,1.8590499999999999,1.85937
994,2023-05-09 00:11:47,1.85907,1.8593899999999999
995,2023-05-09 00:11:47,1.85908,1.8594
996,2023-05-09 00:11:47,1.8590900000000001,1.85941
997,2023-05-09 00:11:47,1.85907,1.8593899999999999
998,2023-05-09 00:11:48,1.85906,1.85938
999,2023-05-09 00:11:49,1.85907,1.8593899999999999
1000,2023-05-09 00:11:49,1.85908,1.8594
1001,2023-05-09 00:11:50,1.85906,1.85938
1002,2023-05-09 00:11:51,1.85908,1.8594
1003,2023-05-09 00:11:51,1.8591,1.85942
1004,2023-05-09 00:11:52,1.85911,1.8594300000000001
1005,2023-05-09 00:11:53,1.85908,1.8594
1006,2023-05-09 00:11:59,1.85911,1.8594300000000001
1007,2023-05-09 00:12:00,1.8590900000000001,1.85941
1008,2023-05-09 00:12:00,1.85913,1.85945
1009,2023-05-09 00:12:00,1.85911,1.8594300000000001
1010,2023-05-09 00:12:01,1.85914,1.85946
1011,2023-05-09 00:12:01,1.85914,1.85948
1012,2023-05-09 00:12:01,1.85914,1.85947
1013,2023-05-09 00:12:02,1.85914,1.85946
1014,2023-05-09 00:12:02,1.8591600000000001,1.85948
1015,2023-05-09 00:12:02,1.85915,1.85947
1016,2023-05-09 00:12:03,1.8591600000000001,1.85948
1017,2023-05-09 00:12:03,1.85914,1.85946
1018,2023-05-09 00:12:05,1.85917,1.85949
1019,2023-05-09 00:12:06,1.8591600000000001,1.85948
1020,2023-05-09 00:12:07,1.85915,1.85947
1021,2023-05-09 00:12:07,1.8591199999999999,1.85944
1022,2023-05-09 00:12:08,1.85908,1.8594
1023,2023-05-09 00:12:08,1.85911,1.8594300000000001
1024,2023-05-09 00:12:11,1.8590900000000001,1.85941
1025,2023-05-09 00:12:11,1.85908,1.8594
1026,2023-05-09 00:12:12,1.85907,1.8593899999999999
1027,2023-05-09 00:12:17,1.85906,1.85938
1028,2023-05-09 00:12:18,1.85907,1.8593899999999999
1029,2023-05-09 00:12:18,1.85906,1.85938
1030,2023-05-09 00:12:18,1.8590499999999999,1.85937
1031,2023-05-09 00:12:19,1.85907,1.8593899999999999
1032,2023-05-09 00:12:20,1.8591199999999999,1.85944
1033,2023-05-09 00:12:20,1.8590900000000001,1.85941
1034,2023-05-09 00:12:21,1.85907,1.8593899999999999
1035,2023-05-09 00:12:22,1.85908,1.8594
1036,2023-05-09 00:12:22,1.85906,1.85938
1037,2023-05-09 00:12:22,1.85907,1.8593899999999999
1038,2023-05-09 00:12:22,1.85906,1.85938
1039,2023-05-09 00:12:23,1.85907,1.8593899999999999
1040,2023-05-09 00:12:23,1.85906,1.85938
1041,2023-05-09 00:12:24,1.85907,1.8593899999999999
1042,2023-05-09 00:12:24,1.8590900000000001,1.85941
1043,2023-05-09 00:12:25,1.85907,1.8593899999999999
1044,2023-05-09 00:12:26,1.85906,1.85938
1045,2023-05-09 00:12:26,1.8590900000000001,1.85941
1046,2023-05-09 00:12:27,1.85908,1.8594
1047,2023-05-09 00:12:27,1.8591,1.85942
1048,2023-05-09 00:12:27,1.85906,1.85938
1049,2023-05-09 00:12:29,1.8590900000000001,1.85941
1050,2023-05-09 00:12:29,1.85907,1.8593899999999999
1051,2023-05-09 00:12:30,1.85908,1.8594
1052,2023-05-09 00:12:31,1.8591,1.85942
1053,2023-05-09 00:12:31,1.85908,1.8594
1054,2023-05-09 00:12:31,1.8590900000000001,1.85941
1055,2023-05-09 00:12:33,1.85908,1.8594
1056,2023-05-09 00:12:33,1.8590900000000001,1.85941
1057,2023-05-09 00:12:33,1.85908,1.8594
1058,2023-05-09 00:12:34,1.85907,1.8593899999999999
1059,2023-05-09 00:12:36,1.8591,1.85942
1060,2023-05-09 00:12:37,1.8591199999999999,1.85944
1061,2023-05-09 00:12:37,1.8591,1.85942
1062,2023-05-09 00:12:37,1.8591199999999999,1.85944
1063,2023-05-09 00:12:37,1.85911,1.8594300000000001
1064,2023-05-09 00:12:38,1.8591,1.85942
1065,2023-05-09 00:12:38,1.85908,1.8594
1066,2023-05-09 00:12:39,1.85906,1.85938
1067,2023-05-09 00:12:39,1.8590200000000001,1.85934
1068,2023-05-09 00:12:40,1.85899,1.85931
1069,2023-05-09 00:12:43,1.859,1.8593199999999999
1070,2023-05-09 00:12:48,1.8590200000000001,1.85934
1071,2023-05-09 00:12:50,1.85903,1.85935
1072,2023-05-09 00:12:52,1.85906,1.85938
1073,2023-05-09 00:12:53,1.8590200000000001,1.85934
1074,2023-05-09 00:12:53,1.85903,1.85935
1075,2023-05-09 00:12:55,1.85914,1.85946
1076,2023-05-09 00:12:55,1.8591,1.85942
1077,2023-05-09 00:12:57,1.8590900000000001,1.85941
1078,2023-05-09 00:12:57,1.85907,1.8593899999999999
1079,2023-05-09 00:12:58,1.8590499999999999,1.85937
1080,2023-05-09 00:12:58,1.859,1.8593199999999999
1081,2023-05-09 00:12:59,1.85903,1.85935
1082,2023-05-09 00:12:59,1.85903,1.8593600000000001
1083,2023-05-09 00:13:00,1.85903,1.8593600000000001
1084,2023-05-09 00:13:00,1.8590200000000001,1.85934
1085,2023-05-09 00:13:00,1.85901,1.85933
1086,2023-05-09 00:13:05,1.8590200000000001,1.85937
1087,2023-05-09 00:13:06,1.8590200000000001,1.85938
1088,2023-05-09 00:13:06,1.8590200000000001,1.8593600000000001
1089,2023-05-09 00:13:08,1.85901,1.85933
1090,2023-05-09 00:13:09,1.8590200000000001,1.85934
1091,2023-05-09 00:13:10,1.8590200000000001,1.85937
1092,2023-05-09 00:13:10,1.85903,1.85937
1093,2023-05-09 00:13:11,1.8590200000000001,1.85934
1094,2023-05-09 00:13:12,1.85903,1.85935
1095,2023-05-09 00:13:12,1.85904,1.8593600000000001
1096,2023-05-09 00:13:13,1.85903,1.85935
1097,2023-05-09 00:13:15,1.85904,1.8593600000000001
1098,2023-05-09 00:13:15,1.8590499999999999,1.85937
1099,2023-05-09 00:13:16,1.85906,1.85938
1100,2023-05-09 00:13:16,1.85908,1.85941
1101,2023-05-09 00:13:18,1.8590900000000001,1.85941
1102,2023-05-09 00:13:18,1.85908,1.85941
1103,2023-05-09 00:13:18,1.85908,1.8594
1104,2023-05-09 00:13:20,1.85911,1.85945
1105,2023-05-09 00:13:20,1.8591,1.85942
1106,2023-05-09 00:13:23,1.85913,1.85945
1107,2023-05-09 00:13:24,1.8591600000000001,1.85948
1108,2023-05-09 00:13:24,1.85913,1.85945
1109,2023-05-09 00:13:25,1.8591199999999999,1.85944
1110,2023-05-09 00:13:26,1.85913,1.85945
1111,2023-05-09 00:13:28,1.8591199999999999,1.85944
1112,2023-05-09 00:13:29,1.85913,1.85945
1113,2023-05-09 00:13:29,1.8591600000000001,1.85948
1114,2023-05-09 00:13:30,1.85915,1.85947
1115,2023-05-09 00:13:31,1.85914,1.85946
1116,2023-05-09 00:13:35,1.85913,1.85945
1117,2023-05-09 00:13:35,1.8591199999999999,1.85944
1118,2023-05-09 00:13:42,1.8591,1.85942
1119,2023-05-09 00:13:43,1.85911,1.8594300000000001
1120,2023-05-09 00:13:43,1.8591199999999999,1.85944
1121,2023-05-09 00:13:44,1.85914,1.85946
1122,2023-05-09 00:13:44,1.85915,1.85947
1123,2023-05-09 00:13:45,1.8591600000000001,1.85948
1124,2023-05-09 00:13:45,1.85915,1.85947
1125,2023-05-09 00:13:48,1.8591600000000001,1.85948
1126,2023-05-09 00:13:48,1.85918,1.8595000000000002
1127,2023-05-09 00:13:49,1.85919,1.85951
1128,2023-05-09 00:13:49,1.8592499999999998,1.85957
1129,2023-05-09 00:13:49,1.8593600000000001,1.85968
1130,2023-05-09 00:13:50,1.85937,1.85969
1131,2023-05-09 00:13:50,1.8593199999999999,1.85964
1132,2023-05-09 00:13:53,1.85937,1.85969
1133,2023-05-09 00:13:53,1.8593899999999999,1.85971
1134,2023-05-09 00:13:55,1.85938,1.8597000000000001
1135,2023-05-09 00:13:56,1.8593899999999999,1.85971
1136,2023-05-09 00:13:56,1.85938,1.8597000000000001
1137,2023-05-09 00:14:00,1.85938,1.8597000000000001
1138,2023-05-09 00:14:01,1.85941,1.8597299999999999
1139,2023-05-09 00:14:05,1.85942,1.85974
1140,2023-05-09 00:14:05,1.85941,1.8597299999999999
1141,2023-05-09 00:14:06,1.8594,1.85972
1142,2023-05-09 00:14:06,1.85942,1.85974
1143,2023-05-09 00:14:07,1.85941,1.8597299999999999
1144,2023-05-09 00:14:08,1.85941,1.85974
1145,2023-05-09 00:14:08,1.85941,1.8597299999999999
1146,2023-05-09 00:14:08,1.85942,1.85974
1147,2023-05-09 00:14:10,1.85941,1.8597299999999999
1148,2023-05-09 00:14:10,1.85938,1.8597000000000001
1149,2023-05-09 00:14:10,1.8593899999999999,1.85971
1150,2023-05-09 00:14:11,1.8593600000000001,1.85968
1151,2023-05-09 00:14:11,1.85935,1.85967
1152,2023-05-09 00:14:12,1.85938,1.8597000000000001
1153,2023-05-09 00:14:12,1.85937,1.85969
1154,2023-05-09 00:14:13,1.85934,1.8596599999999999
1155,2023-05-09 00:14:13,1.85933,1.85965
1156,2023-05-09 00:14:14,1.85937,1.85969
1157,2023-05-09 00:14:14,1.85934,1.8596599999999999
1158,2023-05-09 00:14:15,1.8593199999999999,1.85964
1159,2023-05-09 00:14:16,1.8593,1.85962
1160,2023-05-09 00:14:16,1.85931,1.8596300000000001
1161,2023-05-09 00:14:18,1.85924,1.85956
1162,2023-05-09 00:14:18,1.85922,1.85954
1163,2023-05-09 00:14:18,1.85921,1.85953
1164,2023-05-09 00:14:19,1.8592300000000002,1.85955
1165,2023-05-09 00:14:19,1.85924,1.85956
1166,2023-05-09 00:14:19,1.85921,1.85953
1167,2023-05-09 00:14:20,1.85922,1.85954
1168,2023-05-09 00:14:20,1.8592,1.8595199999999998
1169,2023-05-09 00:14:20,1.85921,1.85953
1170,2023-05-09 00:14:21,1.8592300000000002,1.85955
1171,2023-05-09 00:14:21,1.85921,1.85953
1172,2023-05-09 00:14:22,1.8592300000000002,1.85955
1173,2023-05-09 00:14:22,1.85921,1.85953
1174,2023-05-09 00:14:23,1.8592,1.8595199999999998
1175,2023-05-09 00:14:23,1.8591600000000001,1.85948
1176,2023-05-09 00:14:25,1.85913,1.85945
1177,2023-05-09 00:14:25,1.8591600000000001,1.85948
1178,2023-05-09 00:14:28,1.85914,1.85946
1179,2023-05-09 00:14:29,1.85913,1.85945
1180,2023-05-09 00:14:29,1.8591,1.85942
1181,2023-05-09 00:14:29,1.85914,1.85946
1182,2023-05-09 00:14:30,1.85913,1.85945
1183,2023-05-09 00:14:32,1.8591,1.85942
1184,2023-05-09 00:14:32,1.85911,1.8594300000000001
1185,2023-05-09 00:14:32,1.8591,1.85942
1186,2023-05-09 00:14:33,1.85911,1.8594300000000001
1187,2023-05-09 00:14:34,1.8591,1.85942
1188,2023-05-09 00:14:34,1.85919,1.85951
1189,2023-05-09 00:14:35,1.85922,1.85954
1190,2023-05-09 00:14:35,1.8592300000000002,1.85955
1191,2023-05-09 00:14:35,1.85924,1.85956
1192,2023-05-09 00:14:36,1.8592499999999998,1.85957
1193,2023-05-09 00:14:36,1.8592300000000002,1.85955
1194,2023-05-09 00:14:37,1.85922,1.85954
1195,2023-05-09 00:14:37,1.85918,1.8595000000000002
1196,2023-05-09 00:14:38,1.8591600000000001,1.85948
1197,2023-05-09 00:14:38,1.85917,1.85949
1198,2023-05-09 00:14:38,1.8591600000000001,1.85948
1199,2023-05-09 00:14:39,1.8592,1.8595199999999998
1200,2023-05-09 00:14:39,1.85918,1.8595000000000002
1201,2023-05-09 00:14:39,1.85917,1.85949
1202,2023-05-09 00:14:41,1.8592,1.8595199999999998
1203,2023-05-09 00:14:42,1.85924,1.85956
1204,2023-05-09 00:14:42,1.8592300000000002,1.85955
1205,2023-05-09 00:14:42,1.85924,1.85956
1206,2023-05-09 00:14:44,1.85926,1.85958
1207,2023-05-09 00:14:44,1.8592499999999998,1.85957
1208,2023-05-09 00:14:45,1.85928,1.8596
1209,2023-05-09 00:14:45,1.85926,1.85958
1210,2023-05-09 00:14:46,1.85928,1.8596
1211,2023-05-09 00:14:47,1.85929,1.85961
1212,2023-05-09 00:14:47,1.85926,1.85958
1213,2023-05-09 00:14:48,1.8592499999999998,1.85957
1214,2023-05-09 00:14:49,1.85926,1.85958
1215,2023-05-09 00:14:50,1.8592300000000002,1.85955
1216,2023-05-09 00:14:51,1.85924,1.85956
1217,2023-05-09 00:14:52,1.8592499999999998,1.85957
1218,2023-05-09 00:14:54,1.85921,1.85953
1219,2023-05-09 00:14:55,1.8592499999999998,1.85957
1220,2023-05-09 00:14:55,1.8592300000000002,1.85955
1221,2023-05-09 00:14:55,1.85924,1.85956
1222,2023-05-09 00:14:56,1.8592499999999998,1.85957
1223,2023-05-09 00:14:56,1.8592300000000002,1.85955
1224,2023-05-09 00:14:56,1.8592499999999998,1.85957
1225,2023-05-09 00:14:57,1.85915,1.85947
1226,2023-05-09 00:14:57,1.85917,1.85949
1227,2023-05-09 00:14:58,1.85918,1.8595000000000002
1228,2023-05-09 00:14:58,1.85917,1.85949
1229,2023-05-09 00:14:59,1.85918,1.8595000000000002
1230,2023-05-09 00:15:00,1.8592,1.8595199999999998
1231,2023-05-09 00:15:00,1.85919,1.85951
1232,2023-05-09 00:15:01,1.8592,1.8595199999999998
1233,2023-05-09 00:15:01,1.85921,1.85953
1234,2023-05-09 00:15:01,1.8591600000000001,1.85948
1235,2023-05-09 00:15:01,1.85915,1.85947
1236,2023-05-09 00:15:02,1.85919,1.85951
1237,2023-05-09 00:15:02,1.8592,1.8595199999999998
1238,2023-05-09 00:15:02,1.85921,1.85953
1239,2023-05-09 00:15:03,1.85919,1.85951
1240,2023-05-09 00:15:03,1.8591600000000001,1.85948
1241,2023-05-09 00:15:03,1.85914,1.85946
1242,2023-05-09 00:15:04,1.8591199999999999,1.85944
1243,2023-05-09 00:15:04,1.85911,1.8594300000000001
1244,2023-05-09 00:15:04,1.85908,1.8594
1245,2023-05-09 00:15:04,1.8590900000000001,1.85941
1246,2023-05-09 00:15:05,1.85907,1.8593899999999999
1247,2023-05-09 00:15:05,1.85906,1.85938
1248,2023-05-09 00:15:05,1.85904,1.8593600000000001
1249,2023-05-09 00:15:06,1.8590499999999999,1.85937
1250,2023-05-09 00:15:06,1.8590900000000001,1.85941
1251,2023-05-09 00:15:07,1.85911,1.8594300000000001
1252,2023-05-09 00:15:08,1.8591,1.85942
1253,2023-05-09 00:15:08,1.8590900000000001,1.85941
1254,2023-05-09 00:15:09,1.85907,1.8593899999999999
1255,2023-05-09 00:15:09,1.85908,1.8594
1256,2023-05-09 00:15:09,1.85906,1.85938
1257,2023-05-09 00:15:10,1.8590499999999999,1.85937
1258,2023-05-09 00:15:11,1.85904,1.8593600000000001
1259,2023-05-09 00:15:11,1.85903,1.85935
1260,2023-05-09 00:15:11,1.85904,1.8593600000000001
1261,2023-05-09 00:15:12,1.85903,1.85935
1262,2023-05-09 00:15:12,1.85904,1.8593600000000001
1263,2023-05-09 00:15:13,1.85903,1.85935
1264,2023-05-09 00:15:13,1.8590200000000001,1.85934
1265,2023-05-09 00:15:14,1.85903,1.85935
1266,2023-05-09 00:15:15,1.8590200000000001,1.85934
1267,2023-05-09 00:15:15,1.85901,1.85933
1268,2023-05-09 00:15:16,1.8590200000000001,1.85934
1269,2023-05-09 00:15:18,1.85903,1.85935
1270,2023-05-09 00:15:19,1.85904,1.8593600000000001
1271,2023-05-09 00:15:20,1.8591,1.85942
1272,2023-05-09 00:15:20,1.85911,1.8594300000000001
1273,2023-05-09 00:15:21,1.85914,1.85946
1274,2023-05-09 00:15:21,1.85913,1.85945
1275,2023-05-09 00:15:22,1.85911,1.8594300000000001
1276,2023-05-09 00:15:24,1.85913,1.85945
1277,2023-05-09 00:15:25,1.8591,1.85942
1278,2023-05-09 00:15:25,1.85913,1.85945
1279,2023-05-09 00:15:26,1.8591199999999999,1.85944
1280,2023-05-09 00:15:26,1.85911,1.8594300000000001
1281,2023-05-09 00:15:26,1.8591199999999999,1.85944
1282,2023-05-09 00:15:27,1.85913,1.85945
1283,2023-05-09 00:15:27,1.8591199999999999,1.85944
1284,2023-05-09 00:15:28,1.85913,1.85945
1285,2023-05-09 00:15:28,1.85911,1.8594300000000001
1286,2023-05-09 00:15:29,1.8590900000000001,1.85941
1287,2023-05-09 00:15:30,1.8591,1.85942
1288,2023-05-09 00:15:30,1.8591199999999999,1.85944
1289,2023-05-09 00:15:31,1.85913,1.85945
1290,2023-05-09 00:15:32,1.85918,1.8595000000000002
1291,2023-05-09 00:15:33,1.85921,1.85953
1292,2023-05-09 00:15:33,1.85922,1.85954
1293,2023-05-09 00:15:34,1.85917,1.85949
1294,2023-05-09 00:15:35,1.8591600000000001,1.85948
1295,2023-05-09 00:15:35,1.85913,1.85945
1296,2023-05-09 00:15:35,1.85917,1.85949
1297,2023-05-09 00:15:36,1.85918,1.8595000000000002
1298,2023-05-09 00:15:36,1.85917,1.85949
1299,2023-05-09 00:15:37,1.85918,1.8595000000000002
1300,2023-05-09 00:15:40,1.85919,1.85951
1301,2023-05-09 00:15:42,1.8592,1.8595199999999998
1302,2023-05-09 00:15:42,1.85922,1.85954
1303,2023-05-09 00:15:42,1.8592300000000002,1.85955
1304,2023-05-09 00:15:44,1.8592,1.8595199999999998
1305,2023-05-09 00:15:44,1.8591600000000001,1.85948
1306,2023-05-09 00:15:45,1.85915,1.85947
1307,2023-05-09 00:15:45,1.8591600000000001,1.85948
1308,2023-05-09 00:15:46,1.85914,1.85946
1309,2023-05-09 00:15:46,1.85918,1.8595000000000002
1310,2023-05-09 00:15:49,1.85919,1.85951
1311,2023-05-09 00:15:49,1.85922,1.85954
1312,2023-05-09 00:15:49,1.85917,1.85949
1313,2023-05-09 00:15:50,1.85918,1.8595000000000002
1314,2023-05-09 00:15:50,1.8592,1.8595199999999998
1315,2023-05-09 00:15:51,1.85922,1.85954
1316,2023-05-09 00:15:52,1.8592,1.8595199999999998
1317,2023-05-09 00:15:53,1.85921,1.85953
1318,2023-05-09 00:15:53,1.85924,1.85956
1319,2023-05-09 00:15:54,1.85922,1.85954
1320,2023-05-09 00:15:55,1.85921,1.85953
1321,2023-05-09 00:15:56,1.85924,1.85956
1322,2023-05-09 00:15:56,1.8592499999999998,1.85957
1323,2023-05-09 00:15:56,1.85924,1.85956
1324,2023-05-09 00:15:57,1.85922,1.85954
1325,2023-05-09 00:15:57,1.8592,1.8595199999999998
1326,2023-05-09 00:16:00,1.85921,1.85953
1327,2023-05-09 00:16:00,1.85917,1.85949
1328,2023-05-09 00:16:00,1.8591600000000001,1.85948
1329,2023-05-09 00:16:01,1.85917,1.85949
1330,2023-05-09 00:16:01,1.8592300000000002,1.85955
1331,2023-05-09 00:16:02,1.8592499999999998,1.85957
1332,2023-05-09 00:16:03,1.85924,1.85956
1333,2023-05-09 00:16:04,1.8592499999999998,1.85957
1334,2023-05-09 00:16:05,1.85926,1.85958
1335,2023-05-09 00:16:05,1.85924,1.85956
1336,2023-05-09 00:16:07,1.85921,1.85953
1337,2023-05-09 00:16:07,1.8592300000000002,1.85955
1338,2023-05-09 00:16:08,1.85922,1.85954
1339,2023-05-09 00:16:11,1.8592300000000002,1.85955
1340,2023-05-09 00:16:12,1.85921,1.85953
1341,2023-05-09 00:16:13,1.85922,1.85954
1342,2023-05-09 00:16:13,1.85921,1.85953
1343,2023-05-09 00:16:14,1.8592300000000002,1.85955
1344,2023-05-09 00:16:15,1.8592,1.8595199999999998
1345,2023-05-09 00:16:15,1.85921,1.85953
1346,2023-05-09 00:16:16,1.85922,1.85954
1347,2023-05-09 00:16:16,1.85924,1.85956
1348,2023-05-09 00:16:17,1.8592300000000002,1.85955
1349,2023-05-09 00:16:20,1.85924,1.85956
1350,2023-05-09 00:16:21,1.85918,1.8595000000000002
1351,2023-05-09 00:16:21,1.8592,1.8595199999999998
1352,2023-05-09 00:16:22,1.85921,1.85953
1353,2023-05-09 00:16:22,1.85922,1.85954
1354,2023-05-09 00:16:23,1.8592300000000002,1.85955
1355,2023-05-09 00:16:25,1.8592499999999998,1.85957
1356,2023-05-09 00:16:25,1.85926,1.85958
1357,2023-05-09 00:16:25,1.8592499999999998,1.85957
1358,2023-05-09 00:16:26,1.85926,1.85958
1359,2023-05-09 00:16:26,1.8592499999999998,1.85957
1360,2023-05-09 00:16:27,1.85924,1.85956
1361,2023-05-09 00:16:28,1.8592300000000002,1.85955
1362,2023-05-09 00:16:29,1.85921,1.85953
1363,2023-05-09 00:16:30,1.85922,1.85954
1364,2023-05-09 00:16:30,1.8592300000000002,1.85955
1365,2023-05-09 00:16:31,1.85922,1.85954
1366,2023-05-09 00:16:32,1.8592499999999998,1.85957
1367,2023-05-09 00:16:33,1.85926,1.85958
1368,2023-05-09 00:16:34,1.85927,1.8595899999999999
1369,2023-05-09 00:16:34,1.8593,1.85962
1370,2023-05-09 00:16:44,1.85929,1.85961
1371,2023-05-09 00:16:50,1.8592499999999998,1.85957
1372,2023-05-09 00:16:50,1.85929,1.85961
1373,2023-05-09 00:16:51,1.85928,1.8596
1374,2023-05-09 00:16:52,1.85929,1.85961
1375,2023-05-09 00:16:55,1.85926,1.85958
1376,2023-05-09 00:16:56,1.8592,1.8595199999999998
1377,2023-05-09 00:16:56,1.85929,1.85962
1378,2023-05-09 00:16:57,1.8592499999999998,1.85957
1379,2023-05-09 00:16:58,1.85924,1.85957
1380,2023-05-09 00:16:58,1.85926,1.85958
1381,2023-05-09 00:17:00,1.85928,1.8596
1382,2023-05-09 00:17:01,1.8592,1.8595199999999998
1383,2023-05-09 00:17:01,1.85919,1.85951
1384,2023-05-09 00:17:02,1.85922,1.85954
1385,2023-05-09 00:17:02,1.85921,1.85953
1386,2023-05-09 00:17:03,1.85924,1.85956
1387,2023-05-09 00:17:04,1.8592300000000002,1.85956
1388,2023-05-09 00:17:05,1.85924,1.85956
1389,2023-05-09 00:17:05,1.8592300000000002,1.85956
1390,2023-05-09 00:17:07,1.85924,1.85956
1391,2023-05-09 00:17:07,1.85929,1.85962
1392,2023-05-09 00:17:08,1.8592499999999998,1.85957
1393,2023-05-09 00:17:09,1.8592300000000002,1.85956
1394,2023-05-09 00:17:11,1.85918,1.8595000000000002
1395,2023-05-09 00:17:12,1.85908,1.8594
1396,2023-05-09 00:17:13,1.8590900000000001,1.85941
1397,2023-05-09 00:17:15,1.85908,1.8594
1398,2023-05-09 00:17:15,1.8590900000000001,1.85941
1399,2023-05-09 00:17:16,1.85906,1.85938
1400,2023-05-09 00:17:17,1.85907,1.8593899999999999
1401,2023-05-09 00:17:17,1.85908,1.8594
1402,2023-05-09 00:17:17,1.8590900000000001,1.85941
1403,2023-05-09 00:17:18,1.85906,1.85938
1404,2023-05-09 00:17:19,1.8590499999999999,1.85937
1405,2023-05-09 00:17:21,1.85906,1.85938
1406,2023-05-09 00:17:21,1.8590499999999999,1.85937
1407,2023-05-09 00:17:21,1.85903,1.85935
1408,2023-05-09 00:17:21,1.8590499999999999,1.85937
1409,2023-05-09 00:17:26,1.8590900000000001,1.85941
1410,2023-05-09 00:17:26,1.8591,1.85942
1411,2023-05-09 00:17:26,1.85907,1.8593899999999999
1412,2023-05-09 00:17:27,1.85908,1.8594
1413,2023-05-09 00:17:27,1.8591,1.85942
1414,2023-05-09 00:17:27,1.8591199999999999,1.85944
1415,2023-05-09 00:17:28,1.8591,1.85942
1416,2023-05-09 00:17:28,1.8591199999999999,1.85944
1417,2023-05-09 00:17:28,1.85911,1.8594300000000001
1418,2023-05-09 00:17:29,1.8591199999999999,1.85944
1419,2023-05-09 00:17:29,1.8590900000000001,1.85941
1420,2023-05-09 00:17:31,1.8591,1.85942
1421,2023-05-09 00:17:32,1.85911,1.8594300000000001
1422,2023-05-09 00:17:33,1.8591199999999999,1.85944
1423,2023-05-09 00:17:33,1.85914,1.85946
1424,2023-05-09 00:17:37,1.85917,1.85949
1425,2023-05-09 00:17:37,1.85915,1.85947
1426,2023-05-09 00:17:38,1.85919,1.85951
1427,2023-05-09 00:17:40,1.85917,1.85949
1428,2023-05-09 00:17:41,1.85918,1.8595000000000002
1429,2023-05-09 00:17:42,1.85917,1.85949
1430,2023-05-09 00:17:42,1.85918,1.8595000000000002
1431,2023-05-09 00:17:43,1.85915,1.85947
1432,2023-05-09 00:17:43,1.8591600000000001,1.85948
1433,2023-05-09 00:17:44,1.85914,1.85946
1434,2023-05-09 00:17:45,1.85913,1.85945
1435,2023-05-09 00:17:45,1.8591199999999999,1.85944
1436,2023-05-09 00:17:47,1.85913,1.85945
1437,2023-05-09 00:17:47,1.85911,1.8594300000000001
1438,2023-05-09 00:17:49,1.85914,1.85946
1439,2023-05-09 00:17:51,1.85917,1.85949
1440,2023-05-09 00:17:53,1.85913,1.85945
1441,2023-05-09 00:17:53,1.85911,1.8594300000000001
1442,2023-05-09 00:17:56,1.8591600000000001,1.85948
1443,2023-05-09 00:17:58,1.85914,1.85946
1444,2023-05-09 00:17:58,1.85911,1.8594300000000001
1445,2023-05-09 00:18:00,1.85911,1.8594300000000001
1446,2023-05-09 00:18:01,1.8591199999999999,1.85944
1447,2023-05-09 00:18:01,1.85914,1.85946
1448,2023-05-09 00:18:02,1.8591600000000001,1.85948
1449,2023-05-09 00:18:04,1.8590900000000001,1.85941
1450,2023-05-09 00:18:04,1.8591199999999999,1.85944
1451,2023-05-09 00:18:05,1.8591,1.85942
1452,2023-05-09 00:18:05,1.8591199999999999,1.85944
1453,2023-05-09 00:18:05,1.85914,1.85946
1454,2023-05-09 00:18:06,1.85911,1.8594300000000001
1455,2023-05-09 00:18:07,1.85913,1.85945
1456,2023-05-09 00:18:08,1.85914,1.85946
1457,2023-05-09 00:18:10,1.85915,1.85947
1458,2023-05-09 00:18:12,1.85914,1.85946
1459,2023-05-09 00:18:15,1.85922,1.85954
1460,2023-05-09 00:18:18,1.85924,1.85956
1461,2023-05-09 00:18:22,1.8592499999999998,1.85957
1462,2023-05-09 00:18:25,1.85924,1.85956
1463,2023-05-09 00:18:26,1.8592499999999998,1.85957
1464,2023-05-09 00:18:28,1.85921,1.85953
1465,2023-05-09 00:18:28,1.85918,1.8595000000000002
1466,2023-05-09 00:18:28,1.85917,1.85949
1467,2023-05-09 00:18:29,1.85918,1.8595000000000002
1468,2023-05-09 00:18:30,1.85917,1.85949
1469,2023-05-09 00:18:35,1.8591600000000001,1.85948
1470,2023-05-09 00:18:38,1.85914,1.85946
1471,2023-05-09 00:18:38,1.85913,1.85945
1472,2023-05-09 00:18:41,1.85915,1.85947
1473,2023-05-09 00:18:41,1.85914,1.85946
1474,2023-05-09 00:18:43,1.8591600000000001,1.85948
1475,2023-05-09 00:18:45,1.8592300000000002,1.85955
1476,2023-05-09 00:18:46,1.85924,1.85956
1477,2023-05-09 00:18:48,1.8592499999999998,1.85957
1478,2023-05-09 00:18:48,1.85924,1.85956
1479,2023-05-09 00:18:50,1.8592499999999998,1.85957
1480,2023-05-09 00:18:51,1.8592300000000002,1.85955
1481,2023-05-09 00:18:51,1.85919,1.85951
1482,2023-05-09 00:18:52,1.85917,1.85949
1483,2023-05-09 00:18:53,1.8591600000000001,1.85948
1484,2023-05-09 00:18:55,1.85918,1.8595000000000002
1485,2023-05-09 00:18:56,1.85917,1.85949
1486,2023-05-09 00:18:57,1.8592300000000002,1.85955
1487,2023-05-09 00:18:57,1.85927,1.8595899999999999
1488,2023-05-09 00:18:58,1.85929,1.85961
1489,2023-05-09 00:18:59,1.8593,1.85962
1490,2023-05-09 00:19:00,1.85928,1.8596
1491,2023-05-09 00:19:00,1.8593,1.85962
1492,2023-05-09 00:19:01,1.85934,1.8596599999999999
1493,2023-05-09 00:19:01,1.8593199999999999,1.85964
1494,2023-05-09 00:19:02,1.85931,1.8596300000000001
1495,2023-05-09 00:19:02,1.8593199999999999,1.85964
1496,2023-05-09 00:19:03,1.8593,1.85962
1497,2023-05-09 00:19:03,1.85929,1.85961
1498,2023-05-09 00:19:06,1.8593,1.85962
1499,2023-05-09 00:19:07,1.85931,1.8596300000000001
1500,2023-05-09 00:19:07,1.8593,1.85962
1501,2023-05-09 00:19:08,1.85931,1.8596300000000001
1502,2023-05-09 00:19:08,1.8593,1.85962
1503,2023-05-09 00:19:09,1.85931,1.8596300000000001
1504,2023-05-09 00:19:10,1.85928,1.8596
1505,2023-05-09 00:19:11,1.8592499999999998,1.85957
1506,2023-05-09 00:19:13,1.85926,1.85958
1507,2023-05-09 00:19:14,1.85927,1.8595899999999999
1508,2023-05-09 00:19:14,1.85928,1.8596
1509,2023-05-09 00:19:15,1.85926,1.85958
1510,2023-05-09 00:19:16,1.85928,1.8596
1511,2023-05-09 00:19:17,1.8592499999999998,1.85957
1512,2023-05-09 00:19:17,1.85927,1.8595899999999999
1513,2023-05-09 00:19:18,1.8593199999999999,1.85964
1514,2023-05-09 00:19:18,1.85935,1.85967
1515,2023-05-09 00:19:19,1.85938,1.8597000000000001
1516,2023-05-09 00:19:20,1.8593899999999999,1.85971
1517,2023-05-09 00:19:20,1.8593600000000001,1.85968
1518,2023-05-09 00:19:21,1.85937,1.85969
1519,2023-05-09 00:19:21,1.8594,1.85972
1520,2023-05-09 00:19:21,1.85938,1.8597000000000001
1521,2023-05-09 00:19:22,1.8593899999999999,1.85971
1522,2023-05-09 00:19:22,1.85941,1.8597299999999999
1523,2023-05-09 00:19:23,1.8594,1.85972
1524,2023-05-09 00:19:23,1.8593899999999999,1.85971
1525,2023-05-09 00:19:23,1.8594,1.85972
1526,2023-05-09 00:19:23,1.8593899999999999,1.85971
1527,2023-05-09 00:19:24,1.8594,1.85972
1528,2023-05-09 00:19:24,1.8593899999999999,1.85971
1529,2023-05-09 00:19:25,1.8594,1.85972
1530,2023-05-09 00:19:25,1.8593899999999999,1.85971
1531,2023-05-09 00:19:26,1.8594,1.85972
1532,2023-05-09 00:19:27,1.85938,1.8597000000000001
1533,2023-05-09 00:19:27,1.8594,1.85972
1534,2023-05-09 00:19:30,1.8593600000000001,1.85968
1535,2023-05-09 00:19:30,1.85937,1.85969
1536,2023-05-09 00:19:31,1.8593899999999999,1.85971
1537,2023-05-09 00:19:32,1.85942,1.85974
1538,2023-05-09 00:19:32,1.8594,1.85972
1539,2023-05-09 00:19:32,1.85942,1.85974
1540,2023-05-09 00:19:34,1.85937,1.85969
1541,2023-05-09 00:19:34,1.85938,1.8597000000000001
1542,2023-05-09 00:19:34,1.8593899999999999,1.85971
1543,2023-05-09 00:19:34,1.85938,1.8597000000000001
1544,2023-05-09 00:19:35,1.85937,1.85969
1545,2023-05-09 00:19:35,1.8594,1.85972
1546,2023-05-09 00:19:37,1.85937,1.85969
1547,2023-05-09 00:19:38,1.8593899999999999,1.85971
1548,2023-05-09 00:19:38,1.85938,1.8597000000000001
1549,2023-05-09 00:19:38,1.8593899999999999,1.85971
1550,2023-05-09 00:19:38,1.85938,1.8597000000000001
1551,2023-05-09 00:19:39,1.85937,1.85969
1552,2023-05-09 00:19:39,1.85938,1.8597000000000001
1553,2023-05-09 00:19:39,1.8593199999999999,1.85964
1554,2023-05-09 00:19:40,1.85929,1.85961
1555,2023-05-09 00:19:40,1.85927,1.8595899999999999
1556,2023-05-09 00:19:40,1.8592300000000002,1.85955
1557,2023-05-09 00:19:41,1.85924,1.85956
1558,2023-05-09 00:19:41,1.8592300000000002,1.85955
1559,2023-05-09 00:19:42,1.85924,1.85956
1560,2023-05-09 00:19:44,1.85928,1.8596
1561,2023-05-09 00:19:45,1.85927,1.8595899999999999
1562,2023-05-09 00:19:45,1.85928,1.8596
1563,2023-05-09 00:19:47,1.85927,1.8595899999999999
1564,2023-05-09 00:19:48,1.85928,1.8596
1565,2023-05-09 00:19:49,1.85927,1.8595899999999999
1566,2023-05-09 00:19:49,1.85926,1.85958
1567,2023-05-09 00:19:50,1.85928,1.8596
1568,2023-05-09 00:19:50,1.85929,1.85961
1569,2023-05-09 00:19:52,1.85928,1.8596
1570,2023-05-09 00:19:53,1.85931,1.8596300000000001
1571,2023-05-09 00:19:53,1.85933,1.85965
1572,2023-05-09 00:19:54,1.8593199999999999,1.85964
1573,2023-05-09 00:19:54,1.85933,1.85965
1574,2023-05-09 00:19:57,1.8593199999999999,1.85964
1575,2023-05-09 00:19:57,1.85933,1.85965
1576,2023-05-09 00:19:58,1.8592300000000002,1.85955
1577,2023-05-09 00:19:58,1.85922,1.85954
1578,2023-05-09 00:19:59,1.8592,1.8595199999999998
1579,2023-05-09 00:19:59,1.85921,1.85953
1580,2023-05-09 00:19:59,1.8592300000000002,1.85955
1581,2023-05-09 00:20:00,1.85922,1.85954
1582,2023-05-09 00:20:00,1.85927,1.8595899999999999
1583,2023-05-09 00:20:00,1.85928,1.8596
1584,2023-05-09 00:20:01,1.85927,1.8595899999999999
1585,2023-05-09 00:20:02,1.8593,1.85962
1586,2023-05-09 00:20:04,1.85927,1.8595899999999999
1587,2023-05-09 00:20:04,1.85926,1.85958
1588,2023-05-09 00:20:04,1.8593,1.85962
1589,2023-05-09 00:20:06,1.85928,1.8596
1590,2023-05-09 00:20:06,1.85929,1.85961
1591,2023-05-09 00:20:07,1.85926,1.85958
1592,2023-05-09 00:20:07,1.85924,1.85956
1593,2023-05-09 00:20:07,1.8592300000000002,1.85955
1594,2023-05-09 00:20:08,1.85921,1.85953
1595,2023-05-09 00:20:15,1.85917,1.85949
1596,2023-05-09 00:20:16,1.85913,1.85945
1597,2023-05-09 00:20:16,1.85917,1.85949
1598,2023-05-09 00:20:16,1.85918,1.8595000000000002
1599,2023-05-09 00:20:16,1.8592,1.8595199999999998
1600,2023-05-09 00:20:19,1.8592300000000002,1.85955
1601,2023-05-09 00:20:19,1.85919,1.85951
1602,2023-05-09 00:20:20,1.85918,1.8595000000000002
1603,2023-05-09 00:20:20,1.85917,1.85949
1604,2023-05-09 00:20:20,1.85918,1.8595000000000002
1605,2023-05-09 00:20:20,1.85917,1.85949
1606,2023-05-09 00:20:21,1.85921,1.85954
1607,2023-05-09 00:20:21,1.8592499999999998,1.85957
1608,2023-05-09 00:20:21,1.85929,1.85961
1609,2023-05-09 00:20:22,1.85927,1.8595899999999999
1610,2023-05-09 00:20:22,1.85924,1.85956
1611,2023-05-09 00:20:22,1.8592300000000002,1.85955
1612,2023-05-09 00:20:23,1.8592499999999998,1.85957
1613,2023-05-09 00:20:25,1.85926,1.85958
1614,2023-05-09 00:20:25,1.85924,1.85957
1615,2023-05-09 00:20:25,1.8592300000000002,1.85956
1616,2023-05-09 00:20:25,1.85926,1.85958
1617,2023-05-09 00:20:26,1.85928,1.8596
1618,2023-05-09 00:20:26,1.85929,1.85961
1619,2023-05-09 00:20:26,1.85926,1.8596
1620,2023-05-09 00:20:27,1.85927,1.8596
1621,2023-05-09 00:20:27,1.85926,1.85958
1622,2023-05-09 00:20:28,1.85927,1.8595899999999999
1623,2023-05-09 00:20:28,1.8592499999999998,1.85957
1624,2023-05-09 00:20:29,1.85926,1.85958
1625,2023-05-09 00:20:29,1.85927,1.8595899999999999
1626,2023-05-09 00:20:29,1.85928,1.8596
1627,2023-05-09 00:20:30,1.8593,1.85962
1628,2023-05-09 00:20:30,1.85929,1.85961
1629,2023-05-09 00:20:30,1.85929,1.8596300000000001
1630,2023-05-09 00:20:31,1.8593,1.8596300000000001
1631,2023-05-09 00:20:32,1.85929,1.85961
1632,2023-05-09 00:20:33,1.8593199999999999,1.85964
1633,2023-05-09 00:20:33,1.85933,1.85965
1634,2023-05-09 00:20:35,1.85935,1.85967
1635,2023-05-09 00:20:35,1.85933,1.85965
1636,2023-05-09 00:20:37,1.8593,1.85962
1637,2023-05-09 00:20:42,1.85929,1.85961
1638,2023-05-09 00:20:43,1.8592499999999998,1.85957
1639,2023-05-09 00:20:44,1.85927,1.8595899999999999
1640,2023-05-09 00:20:45,1.85926,1.85958
1641,2023-05-09 00:20:46,1.85924,1.85956
1642,2023-05-09 00:20:48,1.85926,1.85958
1643,2023-05-09 00:20:48,1.85927,1.8595899999999999
1644,2023-05-09 00:20:48,1.8592499999999998,1.85957
1645,2023-05-09 00:20:50,1.85926,1.85958
1646,2023-05-09 00:20:51,1.8592499999999998,1.85957
1647,2023-05-09 00:20:51,1.85926,1.85958
1648,2023-05-09 00:20:54,1.8592499999999998,1.85957
1649,2023-05-09 00:20:54,1.85924,1.85956
1650,2023-05-09 00:20:54,1.85929,1.85961
1651,2023-05-09 00:20:54,1.85928,1.8596
1652,2023-05-09 00:20:55,1.85927,1.8595899999999999
1653,2023-05-09 00:20:55,1.8592499999999998,1.85957
1654,2023-05-09 00:20:56,1.85924,1.85956
1655,2023-05-09 00:20:56,1.8592499999999998,1.85957
1656,2023-05-09 00:20:56,1.85926,1.85958
1657,2023-05-09 00:20:57,1.85927,1.8595899999999999
1658,2023-05-09 00:20:58,1.8592499999999998,1.85957
1659,2023-05-09 00:20:58,1.85927,1.8595899999999999
1660,2023-05-09 00:20:58,1.85926,1.85958
1661,2023-05-09 00:20:59,1.85927,1.8595899999999999
1662,2023-05-09 00:21:00,1.85921,1.85953
1663,2023-05-09 00:21:00,1.8592,1.8595199999999998
1664,2023-05-09 00:21:00,1.85921,1.85953
1665,2023-05-09 00:21:01,1.85919,1.85951
1666,2023-05-09 00:21:01,1.8591600000000001,1.85948
1667,2023-05-09 00:21:05,1.85917,1.85949
1668,2023-05-09 00:21:07,1.85918,1.8595000000000002
1669,2023-05-09 00:21:07,1.85919,1.85951
1670,2023-05-09 00:21:07,1.85918,1.8595000000000002
1671,2023-05-09 00:21:08,1.85919,1.85951
1672,2023-05-09 00:21:08,1.85918,1.8595000000000002
1673,2023-05-09 00:21:09,1.85915,1.85947
1674,2023-05-09 00:21:09,1.8591600000000001,1.85948
1675,2023-05-09 00:21:11,1.85917,1.85949
1676,2023-05-09 00:21:16,1.85918,1.8595000000000002
1677,2023-05-09 00:21:16,1.8592499999999998,1.85957
1678,2023-05-09 00:21:17,1.85926,1.85958
1679,2023-05-09 00:21:22,1.8592300000000002,1.85955
1680,2023-05-09 00:21:23,1.8592,1.8595199999999998
1681,2023-05-09 00:21:24,1.85928,1.8596
1682,2023-05-09 00:21:31,1.85929,1.85961
1683,2023-05-09 00:21:36,1.85928,1.8596
1684,2023-05-09 00:21:36,1.85933,1.85965
1685,2023-05-09 00:21:40,1.85935,1.85967
1686,2023-05-09 00:21:42,1.8593600000000001,1.85968
1687,2023-05-09 00:21:42,1.85935,1.85967
1688,2023-05-09 00:21:43,1.8593600000000001,1.85968
1689,2023-05-09 00:21:44,1.8593899999999999,1.85971
1690,2023-05-09 00:21:45,1.8594,1.85972
1691,2023-05-09 00:21:46,1.85938,1.8597000000000001
1692,2023-05-09 00:21:46,1.8593899999999999,1.85971
1693,2023-05-09 00:21:46,1.8594,1.85972
1694,2023-05-09 00:21:48,1.85941,1.8597299999999999
1695,2023-05-09 00:21:49,1.8593899999999999,1.85971
1696,2023-05-09 00:21:49,1.85938,1.8597000000000001
1697,2023-05-09 00:21:50,1.8593600000000001,1.85968
1698,2023-05-09 00:21:55,1.85937,1.85969
1699,2023-05-09 00:21:56,1.8593600000000001,1.85968
1700,2023-05-09 00:21:57,1.85937,1.85969
1701,2023-05-09 00:21:59,1.8593600000000001,1.85968
1702,2023-05-09 00:22:00,1.8593600000000001,1.85968
1703,2023-05-09 00:22:00,1.85942,1.85974
1704,2023-05-09 00:22:02,1.8594300000000001,1.85975
1705,2023-05-09 00:22:02,1.85937,1.85969
1706,2023-05-09 00:22:02,1.85948,1.8598
1707,2023-05-09 00:22:02,1.85945,1.8597700000000001
1708,2023-05-09 00:22:03,1.8595000000000002,1.85982
1709,2023-05-09 00:22:03,1.85949,1.85981
1710,2023-05-09 00:22:06,1.85948,1.8598
1711,2023-05-09 00:22:06,1.85949,1.85981
1712,2023-05-09 00:22:06,1.85951,1.85983
1713,2023-05-09 00:22:07,1.85948,1.8598
1714,2023-05-09 00:22:07,1.8595199999999998,1.8598400000000002
1715,2023-05-09 00:22:08,1.85953,1.85985
1716,2023-05-09 00:22:08,1.8595199999999998,1.8598400000000002
1717,2023-05-09 00:22:09,1.85951,1.85983
1718,2023-05-09 00:22:09,1.85954,1.8598599999999998
1719,2023-05-09 00:22:10,1.8595199999999998,1.8598400000000002
1720,2023-05-09 00:22:11,1.85954,1.8598599999999998
1721,2023-05-09 00:22:12,1.85955,1.85987
1722,2023-05-09 00:22:12,1.85958,1.8599
1723,2023-05-09 00:22:13,1.85957,1.85989
1724,2023-05-09 00:22:13,1.85958,1.8599
1725,2023-05-09 00:22:14,1.85957,1.85989
1726,2023-05-09 00:22:14,1.85958,1.8599
1727,2023-05-09 00:22:15,1.85957,1.85989
1728,2023-05-09 00:22:16,1.85958,1.8599
1729,2023-05-09 00:22:20,1.8595899999999999,1.85991
1730,2023-05-09 00:22:20,1.85951,1.85983
1731,2023-05-09 00:22:20,1.85953,1.85985
1732,2023-05-09 00:22:21,1.85955,1.85987
1733,2023-05-09 00:22:25,1.85953,1.85985
1734,2023-05-09 00:22:27,1.85949,1.85981
1735,2023-05-09 00:22:27,1.85948,1.8598
1736,2023-05-09 00:22:29,1.85947,1.85979
1737,2023-05-09 00:22:30,1.85948,1.8598
1738,2023-05-09 00:22:31,1.85955,1.85987
1739,2023-05-09 00:22:31,1.85953,1.85985
1740,2023-05-09 00:22:36,1.85954,1.8598599999999998
1741,2023-05-09 00:22:36,1.85955,1.85987
1742,2023-05-09 00:22:36,1.85954,1.8598599999999998
1743,2023-05-09 00:22:37,1.85961,1.8599299999999999
1744,2023-05-09 00:22:37,1.85962,1.85994
1745,2023-05-09 00:22:41,1.8595899999999999,1.85991
1746,2023-05-09 00:22:41,1.85957,1.85989
1747,2023-05-09 00:22:41,1.85956,1.85988
1748,2023-05-09 00:22:43,1.85957,1.85989
1749,2023-05-09 00:22:45,1.85956,1.85988
1750,2023-05-09 00:22:45,1.85957,1.85989
1751,2023-05-09 00:22:45,1.85956,1.85988
1752,2023-05-09 00:22:46,1.85955,1.85987
1753,2023-05-09 00:22:46,1.85956,1.85988
1754,2023-05-09 00:22:46,1.85958,1.8599
1755,2023-05-09 00:22:47,1.8595899999999999,1.85991
1756,2023-05-09 00:22:47,1.85967,1.85999
1757,2023-05-09 00:22:47,1.8596,1.85992
1758,2023-05-09 00:22:49,1.85957,1.85989
1759,2023-05-09 00:22:49,1.85958,1.8599
1760,2023-05-09 00:22:50,1.8595899999999999,1.85991
1761,2023-05-09 00:22:50,1.85958,1.8599
1762,2023-05-09 00:22:50,1.8596,1.85992
1763,2023-05-09 00:22:51,1.85961,1.8599299999999999
1764,2023-05-09 00:22:51,1.8596,1.85992
1765,2023-05-09 00:22:53,1.85962,1.85994
1766,2023-05-09 00:22:53,1.85961,1.8599299999999999
1767,2023-05-09 00:22:57,1.8595899999999999,1.85991
1768,2023-05-09 00:22:57,1.85957,1.85989
1769,2023-05-09 00:22:57,1.8596,1.85992
1770,2023-05-09 00:22:57,1.85958,1.8599
1771,2023-05-09 00:22:58,1.8596,1.85992
1772,2023-05-09 00:22:58,1.85958,1.8599
1773,2023-05-09 00:22:58,1.85957,1.85989
1774,2023-05-09 00:22:59,1.85955,1.85987
1775,2023-05-09 00:23:00,1.8595899999999999,1.85991
1776,2023-05-09 00:23:05,1.85958,1.8599
1777,2023-05-09 00:23:05,1.8595899999999999,1.85991
1778,2023-05-09 00:23:08,1.85958,1.8599
1779,2023-05-09 00:23:08,1.8595899999999999,1.85991
1780,2023-05-09 00:23:09,1.85958,1.8599
1781,2023-05-09 00:23:10,1.8595899999999999,1.85991
1782,2023-05-09 00:23:10,1.8596,1.85992
1783,2023-05-09 00:23:10,1.8595899999999999,1.85991
1784,2023-05-09 00:23:11,1.8595000000000002,1.85982
1785,2023-05-09 00:23:11,1.85948,1.8598
1786,2023-05-09 00:23:12,1.8595000000000002,1.85982
1787,2023-05-09 00:23:12,1.85948,1.8598
1788,2023-05-09 00:23:13,1.8595000000000002,1.85982
1789,2023-05-09 00:23:13,1.85946,1.85978
1790,2023-05-09 00:23:13,1.85944,1.85976
1791,2023-05-09 00:23:13,1.85946,1.85978
1792,2023-05-09 00:23:14,1.85949,1.85981
1793,2023-05-09 00:23:14,1.85947,1.8598
1794,2023-05-09 00:23:14,1.85948,1.8598
1795,2023-05-09 00:23:15,1.85947,1.85979
1796,2023-05-09 00:23:15,1.85948,1.85981
1797,2023-05-09 00:23:15,1.85947,1.85979
1798,2023-05-09 00:23:16,1.85946,1.85978
1799,2023-05-09 00:23:17,1.85948,1.85981
1800,2023-05-09 00:23:17,1.85948,1.8598
1801,2023-05-09 00:23:17,1.85947,1.85979
1802,2023-05-09 00:23:18,1.85946,1.85978
1803,2023-05-09 00:23:19,1.85947,1.85979
1804,2023-05-09 00:23:20,1.85946,1.85978
1805,2023-05-09 00:23:21,1.85947,1.85979
1806,2023-05-09 00:23:21,1.85949,1.85981
1807,2023-05-09 00:23:23,1.85948,1.8598
1808,2023-05-09 00:23:23,1.85949,1.85981
1809,2023-05-09 00:23:24,1.85947,1.85979
1810,2023-05-09 00:23:26,1.85945,1.8597700000000001
1811,2023-05-09 00:23:27,1.85947,1.85979
1812,2023-05-09 00:23:29,1.85954,1.8598599999999998
1813,2023-05-09 00:23:29,1.85956,1.85988
1814,2023-05-09 00:23:33,1.85951,1.85983
1815,2023-05-09 00:23:36,1.8595000000000002,1.85982
1816,2023-05-09 00:23:37,1.85951,1.85983
1817,2023-05-09 00:23:37,1.8595199999999998,1.8598400000000002
1818,2023-05-09 00:23:37,1.85951,1.85983
1819,2023-05-09 00:23:37,1.8595199999999998,1.8598400000000002
1820,2023-05-09 00:23:38,1.85951,1.85983
1821,2023-05-09 00:23:38,1.8595199999999998,1.8598400000000002
1822,2023-05-09 00:23:41,1.85953,1.85985
1823,2023-05-09 00:23:42,1.85954,1.8598599999999998
1824,2023-05-09 00:23:43,1.85953,1.85985
1825,2023-05-09 00:23:44,1.85954,1.8598599999999998
1826,2023-05-09 00:23:45,1.85953,1.85985
1827,2023-05-09 00:23:46,1.85954,1.8598599999999998
1828,2023-05-09 00:23:46,1.85955,1.85987
1829,2023-05-09 00:23:46,1.85954,1.8598599999999998
1830,2023-05-09 00:23:47,1.8595199999999998,1.8598400000000002
1831,2023-05-09 00:23:47,1.85954,1.8598599999999998
1832,2023-05-09 00:23:48,1.85955,1.85987
1833,2023-05-09 00:23:48,1.85954,1.8598599999999998
1834,2023-05-09 00:23:50,1.85953,1.85985
1835,2023-05-09 00:23:50,1.85951,1.85983
1836,2023-05-09 00:23:55,1.85948,1.8598
1837,2023-05-09 00:23:55,1.8595000000000002,1.85982
1838,2023-05-09 00:23:56,1.85953,1.85985
1839,2023-05-09 00:23:56,1.8595000000000002,1.85983
1840,2023-05-09 00:23:56,1.85951,1.85983
1841,2023-05-09 00:23:57,1.85953,1.85985
1842,2023-05-09 00:23:57,1.85951,1.85983
1843,2023-05-09 00:23:58,1.8595199999999998,1.8598400000000002
1844,2023-05-09 00:23:58,1.85951,1.85983
1845,2023-05-09 00:23:59,1.8595199999999998,1.8598400000000002
1846,2023-05-09 00:24:00,1.85951,1.85983
1847,2023-05-09 00:24:01,1.8595199999999998,1.8598400000000002
1848,2023-05-09 00:24:02,1.85953,1.85985
1849,2023-05-09 00:24:03,1.8595199999999998,1.8598400000000002
1850,2023-05-09 00:24:06,1.85951,1.85983
1851,2023-05-09 00:24:07,1.85962,1.85994
1852,2023-05-09 00:24:08,1.8596599999999999,1.85998
1853,2023-05-09 00:24:08,1.85964,1.85996
1854,2023-05-09 00:24:08,1.8596300000000001,1.85995
1855,2023-05-09 00:24:09,1.85964,1.85996
1856,2023-05-09 00:24:09,1.8596300000000001,1.85995
1857,2023-05-09 00:24:11,1.85962,1.85994
1858,2023-05-09 00:24:15,1.85961,1.8599299999999999
1859,2023-05-09 00:24:17,1.8595899999999999,1.85991
1860,2023-05-09 00:24:18,1.85957,1.85989
1861,2023-05-09 00:24:18,1.8596,1.85992
1862,2023-05-09 00:24:18,1.85962,1.85994
1863,2023-05-09 00:24:23,1.85967,1.85999
1864,2023-05-09 00:24:23,1.85968,1.8599999999999999
1865,2023-05-09 00:24:24,1.85967,1.85999
1866,2023-05-09 00:24:25,1.85968,1.8599999999999999
1867,2023-05-09 00:24:28,1.8597000000000001,1.86002
1868,2023-05-09 00:24:28,1.85968,1.8599999999999999
1869,2023-05-09 00:24:31,1.85961,1.8599299999999999
1870,2023-05-09 00:24:31,1.85958,1.8599
1871,2023-05-09 00:24:31,1.8595899999999999,1.85991
1872,2023-05-09 00:24:32,1.85957,1.85989
1873,2023-05-09 00:24:32,1.85958,1.8599
1874,2023-05-09 00:24:32,1.85961,1.8599299999999999
1875,2023-05-09 00:24:32,1.8596300000000001,1.85995
1876,2023-05-09 00:24:35,1.85965,1.8599700000000001
1877,2023-05-09 00:24:37,1.85962,1.85994
1878,2023-05-09 00:24:37,1.8596300000000001,1.85995
1879,2023-05-09 00:24:38,1.85962,1.85994
1880,2023-05-09 00:24:42,1.8596,1.85992
1881,2023-05-09 00:24:42,1.85961,1.8599299999999999
1882,2023-05-09 00:24:45,1.85964,1.85996
1883,2023-05-09 00:24:45,1.85965,1.8599700000000001
1884,2023-05-09 00:24:47,1.85968,1.8599999999999999
1885,2023-05-09 00:24:49,1.85969,1.86001
1886,2023-05-09 00:24:49,1.85968,1.8599999999999999
1887,2023-05-09 00:24:52,1.8597000000000001,1.86002
1888,2023-05-09 00:24:52,1.85971,1.86003
1889,2023-05-09 00:24:53,1.8597000000000001,1.86002
1890,2023-05-09 00:24:53,1.85971,1.86003
1891,2023-05-09 00:24:54,1.8597000000000001,1.86002
1892,2023-05-09 00:24:54,1.85971,1.86003
1893,2023-05-09 00:24:55,1.8597000000000001,1.86002
1894,2023-05-09 00:24:56,1.85972,1.8600400000000001
1895,2023-05-09 00:24:58,1.8597000000000001,1.86002
1896,2023-05-09 00:24:58,1.8597299999999999,1.86005
1897,2023-05-09 00:24:59,1.85965,1.8599700000000001
1898,2023-05-09 00:24:59,1.8596599999999999,1.85998
1899,2023-05-09 00:25:00,1.85965,1.8599700000000001
1900,2023-05-09 00:25:00,1.85967,1.85999
1901,2023-05-09 00:25:01,1.85968,1.8599999999999999
1902,2023-05-09 00:25:01,1.8597299999999999,1.86005
1903,2023-05-09 00:25:02,1.85974,1.86006
1904,2023-05-09 00:25:05,1.85975,1.86007
1905,2023-05-09 00:25:05,1.85974,1.86006
1906,2023-05-09 00:25:05,1.85975,1.86007
1907,2023-05-09 00:25:06,1.8597299999999999,1.86005
1908,2023-05-09 00:25:07,1.85975,1.86007
1909,2023-05-09 00:25:07,1.8597299999999999,1.86005
1910,2023-05-09 00:25:09,1.85974,1.86006
1911,2023-05-09 00:25:09,1.85979,1.8601100000000002
1912,2023-05-09 00:25:09,1.85981,1.8601299999999998
1913,2023-05-09 00:25:10,1.85983,1.86015
1914,2023-05-09 00:25:12,1.85982,1.86014
1915,2023-05-09 00:25:12,1.85981,1.8601299999999998
1916,2023-05-09 00:25:14,1.85982,1.86014
1917,2023-05-09 00:25:16,1.85987,1.86019
1918,2023-05-09 00:25:20,1.85988,1.8601999999999999
1919,2023-05-09 00:25:23,1.85982,1.86014
1920,2023-05-09 00:25:23,1.85983,1.86015
1921,2023-05-09 00:25:26,1.85989,1.86021
1922,2023-05-09 00:25:27,1.8598599999999998,1.86018
1923,2023-05-09 00:25:27,1.85988,1.8601999999999999
1924,2023-05-09 00:25:29,1.85987,1.86019
1925,2023-05-09 00:25:32,1.85989,1.86021
1926,2023-05-09 00:25:32,1.85987,1.86019
1927,2023-05-09 00:25:39,1.8598599999999998,1.86018
1928,2023-05-09 00:25:40,1.85989,1.86021
1929,2023-05-09 00:25:40,1.8598599999999998,1.86018
1930,2023-05-09 00:25:42,1.85989,1.86021
1931,2023-05-09 00:25:46,1.8599,1.86022
1932,2023-05-09 00:25:47,1.85989,1.86021
1933,2023-05-09 00:25:48,1.8598,1.86012
1934,2023-05-09 00:25:48,1.85983,1.86015
1935,2023-05-09 00:25:48,1.85979,1.8601100000000002
1936,2023-05-09 00:25:48,1.85981,1.8601299999999998
1937,2023-05-09 00:25:49,1.8597700000000001,1.86009
1938,2023-05-09 00:25:49,1.85979,1.8601100000000002
1939,2023-05-09 00:25:50,1.8597700000000001,1.86009
1940,2023-05-09 00:25:50,1.85983,1.86015
1941,2023-05-09 00:25:50,1.85981,1.8601299999999998
1942,2023-05-09 00:25:51,1.85979,1.8601100000000002
1943,2023-05-09 00:25:51,1.85981,1.8601299999999998
1944,2023-05-09 00:25:51,1.85979,1.8601100000000002
1945,2023-05-09 00:25:52,1.85978,1.8601
1946,2023-05-09 00:25:52,1.8597700000000001,1.86009
1947,2023-05-09 00:25:52,1.85976,1.86008
1948,2023-05-09 00:25:53,1.85975,1.86007
1949,2023-05-09 00:25:53,1.85981,1.8601299999999998
1950,2023-05-09 00:25:54,1.8598400000000002,1.86016
1951,2023-05-09 00:25:54,1.85982,1.86014
1952,2023-05-09 00:25:55,1.8598599999999998,1.86018
1953,2023-05-09 00:25:56,1.85987,1.86019
1954,2023-05-09 00:25:56,1.8598599999999998,1.86018
1955,2023-05-09 00:25:57,1.85988,1.8601999999999999
1956,2023-05-09 00:25:57,1.85987,1.86019
1957,2023-05-09 00:26:00,1.8598400000000002,1.86016
1958,2023-05-09 00:26:00,1.85983,1.86015
1959,2023-05-09 00:26:01,1.8598400000000002,1.86016
1960,2023-05-09 00:26:02,1.85983,1.86015
1961,2023-05-09 00:26:03,1.8598400000000002,1.86016
1962,2023-05-09 00:26:04,1.85983,1.86015
1963,2023-05-09 00:26:06,1.8598400000000002,1.86016
1964,2023-05-09 00:26:08,1.85983,1.86015
1965,2023-05-09 00:26:08,1.85981,1.8601299999999998
1966,2023-05-09 00:26:08,1.85983,1.86015
1967,2023-05-09 00:26:09,1.85982,1.86014
1968,2023-05-09 00:26:09,1.85985,1.86017
1969,2023-05-09 00:26:10,1.85983,1.86015
1970,2023-05-09 00:26:10,1.85982,1.86014
1971,2023-05-09 00:26:11,1.8598400000000002,1.86016
1972,2023-05-09 00:26:12,1.85983,1.86015
1973,2023-05-09 00:26:13,1.8598400000000002,1.86016
1974,2023-05-09 00:26:13,1.85979,1.8601100000000002
1975,2023-05-09 00:26:14,1.85976,1.86008
1976,2023-05-09 00:26:14,1.85975,1.86007
1977,2023-05-09 00:26:14,1.85981,1.8601299999999998
1978,2023-05-09 00:26:15,1.85979,1.8601100000000002
1979,2023-05-09 00:26:15,1.8598,1.86012
1980,2023-05-09 00:26:15,1.85981,1.8601299999999998
1981,2023-05-09 00:26:17,1.8598,1.86012
1982,2023-05-09 00:26:18,1.85981,1.8601299999999998
1983,2023-05-09 00:26:19,1.85983,1.86015
1984,2023-05-09 00:26:19,1.85982,1.86014
1985,2023-05-09 00:26:20,1.8598,1.86012
1986,2023-05-09 00:26:20,1.85978,1.8601
1987,2023-05-09 00:26:25,1.85974,1.86006
1988,2023-05-09 00:26:26,1.85972,1.8600400000000001
1989,2023-05-09 00:26:28,1.8597299999999999,1.86005
1990,2023-05-09 00:26:30,1.85975,1.86007
1991,2023-05-09 00:26:30,1.85982,1.86014
1992,2023-05-09 00:26:31,1.85983,1.86015
1993,2023-05-09 00:26:31,1.8598400000000002,1.86016
1994,2023-05-09 00:26:37,1.85982,1.86014
1995,2023-05-09 00:26:38,1.85981,1.8601299999999998
1996,2023-05-09 00:26:38,1.8598599999999998,1.86018
1997,2023-05-09 00:26:38,1.8598400000000002,1.86016
1998,2023-05-09 00:26:39,1.85987,1.86019
1999,2023-05-09 00:26:40,1.85988,1.8601999999999999
2000,2023-05-09 00:26:40,1.85987,1.86019
2001,2023-05-09 00:26:40,1.85988,1.8601999999999999
2002,2023-05-09 00:26:41,1.85987,1.86019
2003,2023-05-09 00:26:41,1.85988,1.8601999999999999
2004,2023-05-09 00:26:42,1.85987,1.86019
2005,2023-05-09 00:26:42,1.8598599999999998,1.86018
2006,2023-05-09 00:26:45,1.85987,1.86019
2007,2023-05-09 00:26:46,1.85985,1.86017
2008,2023-05-09 00:26:47,1.8598400000000002,1.86016
2009,2023-05-09 00:26:47,1.85985,1.86017
2010,2023-05-09 00:26:47,1.8598599999999998,1.86018
2011,2023-05-09 00:26:49,1.85988,1.8601999999999999
2012,2023-05-09 00:26:49,1.8598599999999998,1.86018
2013,2023-05-09 00:26:50,1.85987,1.86019
2014,2023-05-09 00:26:51,1.8598599999999998,1.86018
2015,2023-05-09 00:26:51,1.8598400000000002,1.86016
2016,2023-05-09 00:26:51,1.85985,1.86017
2017,2023-05-09 00:26:52,1.8598400000000002,1.86016
2018,2023-05-09 00:26:53,1.85981,1.8601299999999998
2019,2023-05-09 00:26:53,1.85982,1.86014
2020,2023-05-09 00:26:54,1.8598400000000002,1.86016
2021,2023-05-09 00:26:55,1.85985,1.86017
2022,2023-05-09 00:26:56,1.85981,1.8601299999999998
2023,2023-05-09 00:26:56,1.85979,1.86012
2024,2023-05-09 00:26:56,1.85982,1.86014
2025,2023-05-09 00:26:56,1.85983,1.86015
2026,2023-05-09 00:26:57,1.8598599999999998,1.86018
2027,2023-05-09 00:26:59,1.85985,1.86017
2028,2023-05-09 00:26:59,1.8598400000000002,1.86016
2029,2023-05-09 00:27:00,1.85985,1.86017
2030,2023-05-09 00:27:00,1.8598599999999998,1.86018
2031,2023-05-09 00:27:01,1.8598400000000002,1.86016
2032,2023-05-09 00:27:01,1.85985,1.86017
2033,2023-05-09 00:27:02,1.85982,1.86014
2034,2023-05-09 00:27:03,1.85983,1.86015
2035,2023-05-09 00:27:04,1.8598400000000002,1.86016
2036,2023-05-09 00:27:06,1.85987,1.86019
2037,2023-05-09 00:27:07,1.8598599999999998,1.86018
2038,2023-05-09 00:27:08,1.85987,1.86019
2039,2023-05-09 00:27:08,1.85985,1.86017
2040,2023-05-09 00:27:08,1.85983,1.86015
2041,2023-05-09 00:27:09,1.8598400000000002,1.86016
2042,2023-05-09 00:27:09,1.85985,1.86017
2043,2023-05-09 00:27:10,1.8598599999999998,1.86018
2044,2023-05-09 00:27:10,1.85985,1.86017
2045,2023-05-09 00:27:11,1.85982,1.86014
2046,2023-05-09 00:27:11,1.85979,1.8601100000000002
2047,2023-05-09 00:27:12,1.8598,1.86012
2048,2023-05-09 00:27:12,1.85981,1.8601299999999998
2049,2023-05-09 00:27:15,1.8598,1.86012
2050,2023-05-09 00:27:16,1.85981,1.8601299999999998
2051,2023-05-09 00:27:19,1.85982,1.86014
2052,2023-05-09 00:27:19,1.8598,1.86012
2053,2023-05-09 00:27:20,1.85979,1.8601100000000002
2054,2023-05-09 00:27:21,1.8597700000000001,1.86009
2055,2023-05-09 00:27:23,1.85976,1.86008
2056,2023-05-09 00:27:23,1.8597700000000001,1.86009
2057,2023-05-09 00:27:25,1.85976,1.86008
2058,2023-05-09 00:27:27,1.85978,1.8601
2059,2023-05-09 00:27:28,1.8597700000000001,1.86009
2060,2023-05-09 00:27:29,1.85978,1.8601
2061,2023-05-09 00:27:29,1.8597700000000001,1.86009
2062,2023-05-09 00:27:29,1.85974,1.86006
2063,2023-05-09 00:27:30,1.85975,1.86007
2064,2023-05-09 00:27:30,1.85976,1.86008
2065,2023-05-09 00:27:31,1.8597299999999999,1.86005
2066,2023-05-09 00:27:31,1.85972,1.8600400000000001
2067,2023-05-09 00:27:31,1.85971,1.86003
2068,2023-05-09 00:27:32,1.85974,1.86008
2069,2023-05-09 00:27:32,1.85974,1.86006
2070,2023-05-09 00:27:32,1.85974,1.86008
2071,2023-05-09 00:27:32,1.85974,1.86006
2072,2023-05-09 00:27:33,1.85975,1.86007
2073,2023-05-09 00:27:35,1.85976,1.86008
2074,2023-05-09 00:27:35,1.8597700000000001,1.86009
2075,2023-05-09 00:27:36,1.8597700000000001,1.8601100000000002
2076,2023-05-09 00:27:37,1.85979,1.8601100000000002
2077,2023-05-09 00:27:37,1.85979,1.86012
2078,2023-05-09 00:27:38,1.8598,1.86012
2079,2023-05-09 00:27:38,1.85979,1.8601100000000002
2080,2023-05-09 00:27:38,1.85978,1.8601
2081,2023-05-09 00:27:38,1.85979,1.8601100000000002
2082,2023-05-09 00:27:41,1.8597700000000001,1.86009
2083,2023-05-09 00:27:41,1.8597700000000001,1.8601
2084,2023-05-09 00:27:42,1.85975,1.86007
2085,2023-05-09 00:27:42,1.8597299999999999,1.86005
2086,2023-05-09 00:27:44,1.85974,1.86006
2087,2023-05-09 00:27:44,1.85975,1.86007
2088,2023-05-09 00:27:53,1.85974,1.86006
2089,2023-05-09 00:27:55,1.85975,1.86007
2090,2023-05-09 00:27:55,1.85967,1.85999
2091,2023-05-09 00:27:56,1.85968,1.86001
2092,2023-05-09 00:27:56,1.85969,1.86001
2093,2023-05-09 00:27:57,1.8597000000000001,1.86002
2094,2023-05-09 00:27:57,1.85971,1.86003
2095,2023-05-09 00:28:00,1.85971,1.86003
2096,2023-05-09 00:28:04,1.85974,1.86006
2097,2023-05-09 00:28:05,1.8597299999999999,1.86005
2098,2023-05-09 00:28:08,1.85972,1.8600400000000001
2099,2023-05-09 00:28:11,1.8597299999999999,1.86005
2100,2023-05-09 00:28:19,1.85972,1.8600400000000001
2101,2023-05-09 00:28:20,1.8597299999999999,1.86005
2102,2023-05-09 00:28:25,1.85974,1.86006
2103,2023-05-09 00:28:26,1.8597299999999999,1.86005
2104,2023-05-09 00:28:30,1.85974,1.86006
2105,2023-05-09 00:28:31,1.85975,1.86007
2106,2023-05-09 00:28:36,1.85974,1.86006
2107,2023-05-09 00:28:37,1.85975,1.86007
2108,2023-05-09 00:28:37,1.85976,1.86008
2109,2023-05-09 00:28:39,1.85975,1.86007
2110,2023-05-09 00:28:43,1.85972,1.8600400000000001
2111,2023-05-09 00:28:45,1.8597299999999999,1.86005
2112,2023-05-09 00:28:46,1.85975,1.86007
2113,2023-05-09 00:28:56,1.85974,1.86006
2114,2023-05-09 00:29:00,1.85974,1.86006
2115,2023-05-09 00:29:00,1.85975,1.86007
2116,2023-05-09 00:29:03,1.85975,1.8601
2117,2023-05-09 00:29:04,1.85974,1.86007
2118,2023-05-09 00:29:06,1.85974,1.86008
2119,2023-05-09 00:29:06,1.85975,1.86009
2120,2023-05-09 00:29:08,1.85975,1.86007
2121,2023-05-09 00:29:09,1.85974,1.86007
2122,2023-05-09 00:29:12,1.85975,1.86009
2123,2023-05-09 00:29:13,1.85975,1.86008
2124,2023-05-09 00:29:14,1.85975,1.86009
2125,2023-05-09 00:29:15,1.85976,1.86009
2126,2023-05-09 00:29:17,1.85975,1.86007
2127,2023-05-09 00:29:17,1.85974,1.86006
2128,2023-05-09 00:29:17,1.8597299999999999,1.86005
2129,2023-05-09 00:29:18,1.85975,1.86007
2130,2023-05-09 00:29:18,1.8596599999999999,1.85998
2131,2023-05-09 00:29:19,1.85965,1.8599700000000001
2132,2023-05-09 00:29:20,1.85967,1.85999
2133,2023-05-09 00:29:20,1.85969,1.86001
2134,2023-05-09 00:29:23,1.8597000000000001,1.86002
2135,2023-05-09 00:29:24,1.85968,1.8599999999999999
2136,2023-05-09 00:29:24,1.85967,1.85999
2137,2023-05-09 00:29:25,1.85972,1.8600400000000001
2138,2023-05-09 00:29:25,1.85971,1.86003
2139,2023-05-09 00:29:25,1.8597000000000001,1.86002
2140,2023-05-09 00:29:27,1.85971,1.86003
2141,2023-05-09 00:29:29,1.8597000000000001,1.86002
2142,2023-05-09 00:29:30,1.85969,1.86001
2143,2023-05-09 00:29:30,1.8597000000000001,1.86002
2144,2023-05-09 00:29:32,1.85971,1.86003
2145,2023-05-09 00:29:36,1.8597000000000001,1.86002
2146,2023-05-09 00:29:37,1.85971,1.86003
2147,2023-05-09 00:29:37,1.8597000000000001,1.86002
2148,2023-05-09 00:29:37,1.85969,1.86001
2149,2023-05-09 00:29:38,1.85972,1.8600400000000001
2150,2023-05-09 00:29:38,1.8597299999999999,1.86005
2151,2023-05-09 00:29:38,1.85972,1.8600400000000001
2152,2023-05-09 00:29:38,1.8597299999999999,1.86005
2153,2023-05-09 00:29:39,1.85972,1.8600400000000001
2154,2023-05-09 00:29:40,1.8597299999999999,1.86005
2155,2023-05-09 00:29:41,1.85972,1.8600400000000001
2156,2023-05-09 00:29:41,1.85971,1.86003
2157,2023-05-09 00:29:42,1.85972,1.8600400000000001
2158,2023-05-09 00:29:43,1.85974,1.86006
2159,2023-05-09 00:29:44,1.8597299999999999,1.86005
2160,2023-05-09 00:29:44,1.85972,1.8600400000000001
2161,2023-05-09 00:29:45,1.85971,1.86003
2162,2023-05-09 00:29:46,1.85974,1.86006
2163,2023-05-09 00:29:46,1.8597299999999999,1.86005
2164,2023-05-09 00:29:47,1.85974,1.86006
2165,2023-05-09 00:29:47,1.8597299999999999,1.86005
2166,2023-05-09 00:29:49,1.85972,1.8600400000000001
2167,2023-05-09 00:29:50,1.85971,1.86003
2168,2023-05-09 00:29:52,1.85972,1.8600400000000001
2169,2023-05-09 00:29:52,1.8597299999999999,1.86005
2170,2023-05-09 00:29:53,1.85974,1.86006
2171,2023-05-09 00:29:54,1.8597299999999999,1.86005
2172,2023-05-09 00:29:58,1.85969,1.86001
2173,2023-05-09 00:29:59,1.85971,1.86003
2174,2023-05-09 00:29:59,1.85972,1.8600400000000001
2175,2023-05-09 00:30:00,1.85971,1.86003
2176,2023-05-09 00:30:00,1.85974,1.86006
2177,2023-05-09 00:30:00,1.85975,1.86007
2178,2023-05-09 00:30:01,1.85974,1.86006
2179,2023-05-09 00:30:01,1.85964,1.85996
2180,2023-05-09 00:30:01,1.85965,1.8599700000000001
2181,2023-05-09 00:30:02,1.8596300000000001,1.85995
2182,2023-05-09 00:30:03,1.85965,1.8599700000000001
2183,2023-05-09 00:30:04,1.85961,1.8599299999999999
2184,2023-05-09 00:30:04,1.85962,1.85994
2185,2023-05-09 00:30:04,1.8595899999999999,1.85991
2186,2023-05-09 00:30:04,1.8596,1.85992
2187,2023-05-09 00:30:05,1.8595899999999999,1.85991
2188,2023-05-09 00:30:07,1.85957,1.85989
2189,2023-05-09 00:30:08,1.8595899999999999,1.85991
2190,2023-05-09 00:30:08,1.85958,1.8599
2191,2023-05-09 00:30:09,1.8596,1.85992
2192,2023-05-09 00:30:09,1.85961,1.8599299999999999
2193,2023-05-09 00:30:10,1.85962,1.85994
2194,2023-05-09 00:30:11,1.85964,1.85996
2195,2023-05-09 00:30:11,1.85965,1.8599700000000001
2196,2023-05-09 00:30:12,1.85964,1.8599700000000001
2197,2023-05-09 00:30:12,1.8596300000000001,1.8599700000000001
2198,2023-05-09 00:30:12,1.8596300000000001,1.85995
2199,2023-05-09 00:30:13,1.85965,1.8599700000000001
2200,2023-05-09 00:30:13,1.85968,1.8599999999999999
2201,2023-05-09 00:30:14,1.85967,1.85999
2202,2023-05-09 00:30:14,1.85971,1.86003
