,time,bid,ask
0,2023-05-09 00:00:00,0.63358,0.63376
1,2023-05-09 00:00:01,0.63357,0.63375
2,2023-05-09 00:00:01,0.63356,0.63374
3,2023-05-09 00:00:01,0.63357,0.63375
4,2023-05-09 00:00:02,0.63356,0.63374
5,2023-05-09 00:00:04,0.63358,0.63376
6,2023-05-09 00:00:05,0.63359,0.63377
7,2023-05-09 00:00:05,0.63356,0.63374
8,2023-05-09 00:00:08,0.63357,0.63375
9,2023-05-09 00:00:09,0.6336,0.63378
10,2023-05-09 00:00:09,0.63363,0.63381
11,2023-05-09 00:00:10,0.63361,0.63379
12,2023-05-09 00:00:10,0.63362,0.6338
13,2023-05-09 00:00:11,0.6336,0.63378
14,2023-05-09 00:00:12,0.63359,0.63377
15,2023-05-09 00:00:12,0.63358,0.63376
16,2023-05-09 00:00:15,0.63359,0.63377
17,2023-05-09 00:00:15,0.63361,0.63379
18,2023-05-09 00:00:16,0.6336,0.63378
19,2023-05-09 00:00:16,0.63362,0.6338
20,2023-05-09 00:00:16,0.63363,0.63381
21,2023-05-09 00:00:18,0.63365,0.63383
22,2023-05-09 00:00:19,0.63366,0.63384
23,2023-05-09 00:00:19,0.63367,0.63385
24,2023-05-09 00:00:24,0.63368,0.63386
25,2023-05-09 00:00:25,0.63373,0.63391
26,2023-05-09 00:00:26,0.63372,0.6339
27,2023-05-09 00:00:28,0.63373,0.63391
28,2023-05-09 00:00:30,0.63374,0.63392
29,2023-05-09 00:00:31,0.63373,0.63391
30,2023-05-09 00:00:32,0.63374,0.63392
31,2023-05-09 00:00:32,0.63373,0.63391
32,2023-05-09 00:00:33,0.63372,0.6339
33,2023-05-09 00:00:33,0.63373,0.63391
34,2023-05-09 00:00:40,0.63381,0.63399
35,2023-05-09 00:00:41,0.63383,0.63401
36,2023-05-09 00:00:41,0.63384,0.63402
37,2023-05-09 00:00:41,0.63385,0.63403
38,2023-05-09 00:00:41,0.63384,0.63402
39,2023-05-09 00:00:42,0.63383,0.63401
40,2023-05-09 00:00:42,0.63378,0.63396
41,2023-05-09 00:00:42,0.63374,0.63392
42,2023-05-09 00:00:43,0.63373,0.63391
43,2023-05-09 00:00:44,0.63371,0.63389
44,2023-05-09 00:00:45,0.63372,0.6339
45,2023-05-09 00:00:46,0.63371,0.63389
46,2023-05-09 00:00:48,0.6337,0.63388
47,2023-05-09 00:00:51,0.63368,0.63386
48,2023-05-09 00:00:52,0.63367,0.63385
49,2023-05-09 00:00:55,0.63366,0.63384
50,2023-05-09 00:00:56,0.63367,0.63385
51,2023-05-09 00:00:57,0.63369,0.63387
52,2023-05-09 00:00:58,0.63364,0.63382
53,2023-05-09 00:00:58,0.63365,0.63383
54,2023-05-09 00:01:00,0.63365,0.63383
55,2023-05-09 00:01:01,0.63364,0.63382
56,2023-05-09 00:01:01,0.63362,0.6338
57,2023-05-09 00:01:02,0.63359,0.63377
58,2023-05-09 00:01:02,0.63361,0.63379
59,2023-05-09 00:01:03,0.6336,0.63378
60,2023-05-09 00:01:05,0.63361,0.63379
61,2023-05-09 00:01:05,0.63362,0.6338
62,2023-05-09 00:01:07,0.63361,0.63379
63,2023-05-09 00:01:10,0.63362,0.6338
64,2023-05-09 00:01:10,0.63364,0.63382
65,2023-05-09 00:01:10,0.63365,0.63383
66,2023-05-09 00:01:11,0.63364,0.63382
67,2023-05-09 00:01:11,0.63365,0.63383
68,2023-05-09 00:01:11,0.63363,0.63381
69,2023-05-09 00:01:12,0.63364,0.63382
70,2023-05-09 00:01:13,0.63365,0.63383
71,2023-05-09 00:01:19,0.63364,0.63382
72,2023-05-09 00:01:22,0.63363,0.63381
73,2023-05-09 00:01:22,0.63361,0.63379
74,2023-05-09 00:01:23,0.63362,0.6338
75,2023-05-09 00:01:24,0.63365,0.63383
76,2023-05-09 00:01:24,0.63366,0.63384
77,2023-05-09 00:01:24,0.63367,0.63385
78,2023-05-09 00:01:24,0.63366,0.63384
79,2023-05-09 00:01:31,0.63367,0.63385
80,2023-05-09 00:01:32,0.63365,0.63383
81,2023-05-09 00:01:36,0.63364,0.63382
82,2023-05-09 00:01:37,0.63362,0.6338
83,2023-05-09 00:01:37,0.63359,0.63377
84,2023-05-09 00:01:39,0.63361,0.63379
85,2023-05-09 00:01:40,0.63362,0.6338
86,2023-05-09 00:01:41,0.63361,0.63379
87,2023-05-09 00:01:41,0.6336,0.63378
88,2023-05-09 00:01:41,0.63361,0.63379
89,2023-05-09 00:01:43,0.63362,0.6338
90,2023-05-09 00:01:43,0.63361,0.63379
91,2023-05-09 00:01:44,0.6336,0.63378
92,2023-05-09 00:01:45,0.63359,0.63377
93,2023-05-09 00:01:47,0.63357,0.63375
94,2023-05-09 00:01:47,0.63356,0.63374
95,2023-05-09 00:01:47,0.63357,0.63375
96,2023-05-09 00:01:48,0.63353,0.63371
97,2023-05-09 00:01:49,0.63352,0.6337
98,2023-05-09 00:01:49,0.63353,0.63371
99,2023-05-09 00:01:50,0.63355,0.63373
100,2023-05-09 00:01:50,0.63354,0.63372
101,2023-05-09 00:01:51,0.63352,0.6337
102,2023-05-09 00:01:51,0.63351,0.63369
103,2023-05-09 00:01:53,0.6335,0.63368
104,2023-05-09 00:01:53,0.63353,0.63371
105,2023-05-09 00:01:54,0.63352,0.6337
106,2023-05-09 00:01:54,0.63354,0.63372
107,2023-05-09 00:01:54,0.63355,0.63373
108,2023-05-09 00:01:55,0.63353,0.63371
109,2023-05-09 00:01:56,0.63351,0.63369
110,2023-05-09 00:01:56,0.6335,0.63368
111,2023-05-09 00:01:56,0.63351,0.63369
112,2023-05-09 00:01:58,0.6335,0.63368
113,2023-05-09 00:02:00,0.63351,0.63369
114,2023-05-09 00:02:01,0.6335,0.63368
115,2023-05-09 00:02:06,0.63349,0.63367
116,2023-05-09 00:02:06,0.63348,0.63366
117,2023-05-09 00:02:06,0.63347,0.63365
118,2023-05-09 00:02:07,0.63345,0.63363
119,2023-05-09 00:02:09,0.63346,0.63364
120,2023-05-09 00:02:11,0.63347,0.63365
121,2023-05-09 00:02:12,0.63346,0.63364
122,2023-05-09 00:02:13,0.63344,0.63362
123,2023-05-09 00:02:13,0.63345,0.63363
124,2023-05-09 00:02:14,0.63344,0.63362
125,2023-05-09 00:02:15,0.63343,0.63361
126,2023-05-09 00:02:15,0.63344,0.63362
127,2023-05-09 00:02:16,0.63343,0.63361
128,2023-05-09 00:02:18,0.63344,0.63362
129,2023-05-09 00:02:21,0.63345,0.63363
130,2023-05-09 00:02:22,0.63344,0.63362
131,2023-05-09 00:02:22,0.63345,0.63363
132,2023-05-09 00:02:26,0.63344,0.63362
133,2023-05-09 00:02:26,0.63343,0.63361
134,2023-05-09 00:02:27,0.63344,0.63362
135,2023-05-09 00:02:29,0.63345,0.63363
136,2023-05-09 00:02:31,0.63346,0.63364
137,2023-05-09 00:02:31,0.63345,0.63363
138,2023-05-09 00:02:34,0.63346,0.63364
139,2023-05-09 00:02:34,0.63345,0.63363
140,2023-05-09 00:02:39,0.63339,0.63357
141,2023-05-09 00:02:40,0.6334,0.63358
142,2023-05-09 00:02:44,0.63334,0.63352
143,2023-05-09 00:02:45,0.63335,0.63353
144,2023-05-09 00:02:46,0.63336,0.63354
145,2023-05-09 00:02:46,0.63335,0.63353
146,2023-05-09 00:02:51,0.63336,0.63354
147,2023-05-09 00:02:53,0.63337,0.63355
148,2023-05-09 00:02:53,0.63335,0.63353
149,2023-05-09 00:02:54,0.63329,0.63347
150,2023-05-09 00:02:54,0.63331,0.63349
151,2023-05-09 00:02:55,0.63332,0.6335
152,2023-05-09 00:02:55,0.63333,0.63351
153,2023-05-09 00:02:55,0.63332,0.6335
154,2023-05-09 00:02:58,0.63334,0.63352
155,2023-05-09 00:02:59,0.63335,0.63353
156,2023-05-09 00:03:00,0.63335,0.63353
157,2023-05-09 00:03:01,0.63334,0.63352
158,2023-05-09 00:03:03,0.63335,0.63353
159,2023-05-09 00:03:04,0.63336,0.63354
160,2023-05-09 00:03:06,0.63337,0.63355
161,2023-05-09 00:03:08,0.63339,0.63357
162,2023-05-09 00:03:09,0.6334,0.63358
163,2023-05-09 00:03:09,0.63343,0.63361
164,2023-05-09 00:03:13,0.63341,0.63359
165,2023-05-09 00:03:13,0.63342,0.6336
166,2023-05-09 00:03:14,0.63341,0.63359
167,2023-05-09 00:03:20,0.6334,0.63358
168,2023-05-09 00:03:20,0.63338,0.63356
169,2023-05-09 00:03:21,0.63334,0.63352
170,2023-05-09 00:03:21,0.63333,0.63351
171,2023-05-09 00:03:21,0.63332,0.6335
172,2023-05-09 00:03:22,0.63331,0.63349
173,2023-05-09 00:03:23,0.63332,0.6335
174,2023-05-09 00:03:24,0.63331,0.63349
175,2023-05-09 00:03:27,0.63332,0.6335
176,2023-05-09 00:03:28,0.63331,0.63349
177,2023-05-09 00:03:28,0.63332,0.6335
178,2023-05-09 00:03:29,0.63335,0.63353
179,2023-05-09 00:03:30,0.63331,0.63349
180,2023-05-09 00:03:32,0.63332,0.6335
181,2023-05-09 00:03:32,0.63331,0.63349
182,2023-05-09 00:03:33,0.63332,0.6335
183,2023-05-09 00:03:33,0.63334,0.63352
184,2023-05-09 00:03:33,0.63332,0.6335
185,2023-05-09 00:03:33,0.63333,0.63351
186,2023-05-09 00:03:35,0.63334,0.63352
187,2023-05-09 00:03:35,0.63339,0.63357
188,2023-05-09 00:03:35,0.63336,0.63354
189,2023-05-09 00:03:36,0.63334,0.63352
190,2023-05-09 00:03:36,0.63335,0.63353
191,2023-05-09 00:03:38,0.63336,0.63354
192,2023-05-09 00:03:39,0.63335,0.63353
193,2023-05-09 00:03:40,0.63334,0.63352
194,2023-05-09 00:03:41,0.63335,0.63353
195,2023-05-09 00:03:42,0.63333,0.63351
196,2023-05-09 00:03:42,0.63332,0.6335
197,2023-05-09 00:03:43,0.63334,0.63352
198,2023-05-09 00:03:44,0.63336,0.63354
199,2023-05-09 00:03:47,0.63337,0.63355
200,2023-05-09 00:03:49,0.63334,0.63352
201,2023-05-09 00:03:50,0.63335,0.63353
202,2023-05-09 00:03:50,0.63334,0.63352
203,2023-05-09 00:03:50,0.63335,0.63353
204,2023-05-09 00:03:53,0.63332,0.6335
205,2023-05-09 00:03:53,0.63333,0.63351
206,2023-05-09 00:03:57,0.63332,0.6335
207,2023-05-09 00:03:57,0.63331,0.63349
208,2023-05-09 00:03:58,0.63332,0.6335
209,2023-05-09 00:03:58,0.63331,0.63349
210,2023-05-09 00:03:58,0.6333,0.63348
211,2023-05-09 00:03:59,0.63329,0.63347
212,2023-05-09 00:03:59,0.63331,0.63349
213,2023-05-09 00:04:00,0.6333,0.63348
214,2023-05-09 00:04:00,0.63332,0.6335
215,2023-05-09 00:04:02,0.63331,0.63349
216,2023-05-09 00:04:03,0.63332,0.6335
217,2023-05-09 00:04:04,0.63331,0.63349
218,2023-05-09 00:04:06,0.63332,0.6335
219,2023-05-09 00:04:07,0.63333,0.63351
220,2023-05-09 00:04:09,0.63331,0.63349
221,2023-05-09 00:04:10,0.6333,0.63348
222,2023-05-09 00:04:12,0.63329,0.63347
223,2023-05-09 00:04:12,0.6333,0.63348
224,2023-05-09 00:04:13,0.63331,0.63349
225,2023-05-09 00:04:15,0.63328,0.63346
226,2023-05-09 00:04:16,0.63329,0.63347
227,2023-05-09 00:04:16,0.63328,0.63346
228,2023-05-09 00:04:19,0.63329,0.63347
229,2023-05-09 00:04:19,0.63328,0.63346
230,2023-05-09 00:04:21,0.63335,0.63353
231,2023-05-09 00:04:25,0.63334,0.63352
232,2023-05-09 00:04:30,0.63335,0.63353
233,2023-05-09 00:04:31,0.63334,0.63352
234,2023-05-09 00:04:36,0.63335,0.63353
235,2023-05-09 00:04:38,0.63334,0.63352
236,2023-05-09 00:04:53,0.63339,0.63357
237,2023-05-09 00:04:54,0.6334,0.63358
238,2023-05-09 00:04:54,0.63345,0.63363
239,2023-05-09 00:04:55,0.63346,0.63364
240,2023-05-09 00:04:55,0.63345,0.63363
241,2023-05-09 00:05:00,0.63345,0.63363
242,2023-05-09 00:05:01,0.63346,0.63364
243,2023-05-09 00:05:02,0.63348,0.63366
244,2023-05-09 00:05:02,0.63349,0.63367
245,2023-05-09 00:05:18,0.6335,0.63368
246,2023-05-09 00:05:19,0.63357,0.63375
247,2023-05-09 00:05:20,0.63358,0.63376
248,2023-05-09 00:05:21,0.63359,0.63377
249,2023-05-09 00:05:22,0.63358,0.63376
250,2023-05-09 00:05:23,0.63359,0.63377
251,2023-05-09 00:05:23,0.63358,0.63376
252,2023-05-09 00:05:24,0.63357,0.63375
253,2023-05-09 00:05:24,0.63358,0.63376
254,2023-05-09 00:05:26,0.63359,0.63377
255,2023-05-09 00:05:27,0.63363,0.63381
256,2023-05-09 00:05:27,0.63364,0.63382
257,2023-05-09 00:05:27,0.63363,0.63381
258,2023-05-09 00:05:30,0.63364,0.63382
259,2023-05-09 00:05:30,0.63367,0.63385
260,2023-05-09 00:05:31,0.63369,0.63387
261,2023-05-09 00:05:41,0.6337,0.63388
262,2023-05-09 00:05:43,0.63369,0.63387
263,2023-05-09 00:05:45,0.6337,0.63388
264,2023-05-09 00:05:45,0.63373,0.63391
265,2023-05-09 00:05:47,0.63371,0.63389
266,2023-05-09 00:05:48,0.6337,0.63388
267,2023-05-09 00:05:51,0.63371,0.63389
268,2023-05-09 00:05:51,0.6337,0.63388
269,2023-05-09 00:05:53,0.63369,0.63387
270,2023-05-09 00:05:53,0.63368,0.63386
271,2023-05-09 00:06:00,0.63368,0.63386
272,2023-05-09 00:06:03,0.63367,0.63385
273,2023-05-09 00:06:06,0.63366,0.63384
274,2023-05-09 00:06:09,0.63364,0.63382
275,2023-05-09 00:06:09,0.63365,0.63383
276,2023-05-09 00:06:11,0.63366,0.63384
277,2023-05-09 00:06:12,0.63365,0.63383
278,2023-05-09 00:06:12,0.63366,0.63384
279,2023-05-09 00:06:12,0.63367,0.63385
280,2023-05-09 00:06:21,0.63365,0.63383
281,2023-05-09 00:06:22,0.63363,0.63381
282,2023-05-09 00:06:22,0.63361,0.63379
283,2023-05-09 00:06:29,0.63362,0.6338
284,2023-05-09 00:06:30,0.63361,0.63379
285,2023-05-09 00:06:32,0.6336,0.63378
286,2023-05-09 00:06:33,0.63361,0.63379
287,2023-05-09 00:06:40,0.63359,0.63377
288,2023-05-09 00:06:40,0.63361,0.63379
289,2023-05-09 00:06:42,0.6336,0.63378
290,2023-05-09 00:06:51,0.63361,0.63379
291,2023-05-09 00:06:57,0.63362,0.6338
292,2023-05-09 00:07:00,0.63362,0.6338
293,2023-05-09 00:07:04,0.63363,0.63381
294,2023-05-09 00:07:05,0.63362,0.6338
295,2023-05-09 00:07:12,0.63361,0.63379
296,2023-05-09 00:07:26,0.63363,0.63381
297,2023-05-09 00:07:34,0.63364,0.63382
298,2023-05-09 00:07:36,0.63366,0.63384
299,2023-05-09 00:07:48,0.63365,0.63383
300,2023-05-09 00:07:49,0.63366,0.63384
301,2023-05-09 00:07:49,0.63365,0.63383
302,2023-05-09 00:07:51,0.63363,0.63381
303,2023-05-09 00:07:52,0.63364,0.63382
304,2023-05-09 00:07:52,0.6336,0.63378
305,2023-05-09 00:07:53,0.63362,0.6338
306,2023-05-09 00:07:54,0.63363,0.63381
307,2023-05-09 00:07:56,0.63361,0.63379
308,2023-05-09 00:07:56,0.6336,0.63378
309,2023-05-09 00:07:58,0.63359,0.63377
310,2023-05-09 00:08:00,0.63358,0.63376
311,2023-05-09 00:08:01,0.63359,0.63377
312,2023-05-09 00:08:01,0.63361,0.63379
313,2023-05-09 00:08:03,0.6336,0.63378
314,2023-05-09 00:08:03,0.63358,0.63376
315,2023-05-09 00:08:03,0.63357,0.63375
316,2023-05-09 00:08:04,0.63356,0.63374
317,2023-05-09 00:08:04,0.63357,0.63375
318,2023-05-09 00:08:12,0.63356,0.63374
319,2023-05-09 00:08:12,0.63357,0.63375
320,2023-05-09 00:08:13,0.63355,0.63373
321,2023-05-09 00:08:13,0.63354,0.63372
322,2023-05-09 00:08:15,0.63355,0.63373
323,2023-05-09 00:08:19,0.63354,0.63372
324,2023-05-09 00:08:22,0.63355,0.63373
325,2023-05-09 00:08:29,0.63356,0.63374
326,2023-05-09 00:08:32,0.63355,0.63373
327,2023-05-09 00:08:32,0.63353,0.63371
328,2023-05-09 00:08:34,0.63355,0.63373
329,2023-05-09 00:08:37,0.63353,0.63371
330,2023-05-09 00:08:41,0.63354,0.63372
331,2023-05-09 00:08:42,0.63353,0.63371
332,2023-05-09 00:08:44,0.63354,0.63372
333,2023-05-09 00:08:46,0.63353,0.63371
334,2023-05-09 00:08:59,0.63352,0.6337
335,2023-05-09 00:09:00,0.63352,0.6337
336,2023-05-09 00:09:02,0.63346,0.63364
337,2023-05-09 00:09:03,0.63345,0.63363
338,2023-05-09 00:09:04,0.63348,0.63366
339,2023-05-09 00:09:04,0.63347,0.63365
340,2023-05-09 00:09:05,0.63346,0.63364
341,2023-05-09 00:09:07,0.63348,0.63366
342,2023-05-09 00:09:07,0.63347,0.63365
343,2023-05-09 00:09:09,0.63346,0.63364
344,2023-05-09 00:09:12,0.63345,0.63363
345,2023-05-09 00:09:15,0.63346,0.63364
346,2023-05-09 00:09:15,0.63349,0.63367
347,2023-05-09 00:09:16,0.6335,0.63368
348,2023-05-09 00:09:16,0.63353,0.63371
349,2023-05-09 00:09:33,0.63354,0.63372
350,2023-05-09 00:09:34,0.63357,0.63375
351,2023-05-09 00:09:38,0.63354,0.63372
352,2023-05-09 00:09:38,0.63351,0.63369
353,2023-05-09 00:09:40,0.6335,0.63368
354,2023-05-09 00:09:40,0.63349,0.63367
355,2023-05-09 00:09:41,0.6335,0.63368
356,2023-05-09 00:09:43,0.63351,0.63369
357,2023-05-09 00:09:43,0.6335,0.63368
358,2023-05-09 00:09:44,0.63349,0.63367
359,2023-05-09 00:09:44,0.6335,0.63368
360,2023-05-09 00:09:45,0.63352,0.6337
361,2023-05-09 00:09:45,0.63351,0.63369
362,2023-05-09 00:09:46,0.6335,0.63368
363,2023-05-09 00:09:46,0.63351,0.63369
364,2023-05-09 00:09:50,0.6335,0.63368
365,2023-05-09 00:09:50,0.63349,0.63367
366,2023-05-09 00:09:52,0.63348,0.63366
367,2023-05-09 00:09:55,0.63347,0.63365
368,2023-05-09 00:09:56,0.63346,0.63364
369,2023-05-09 00:09:57,0.63348,0.63366
370,2023-05-09 00:09:59,0.63349,0.63367
371,2023-05-09 00:10:00,0.63349,0.63367
372,2023-05-09 00:10:00,0.63351,0.63369
373,2023-05-09 00:10:00,0.63354,0.63372
374,2023-05-09 00:10:01,0.63356,0.63374
375,2023-05-09 00:10:02,0.63353,0.63371
376,2023-05-09 00:10:08,0.63354,0.63372
377,2023-05-09 00:10:14,0.63355,0.63373
378,2023-05-09 00:10:26,0.63349,0.63367
379,2023-05-09 00:10:26,0.63346,0.63364
380,2023-05-09 00:10:29,0.63348,0.63366
381,2023-05-09 00:10:31,0.63351,0.63369
382,2023-05-09 00:10:32,0.63349,0.63367
383,2023-05-09 00:10:32,0.63352,0.6337
384,2023-05-09 00:10:40,0.63353,0.63371
385,2023-05-09 00:10:41,0.63356,0.63374
386,2023-05-09 00:10:47,0.63357,0.63375
387,2023-05-09 00:11:00,0.63357,0.63375
388,2023-05-09 00:11:00,0.63355,0.63373
389,2023-05-09 00:11:03,0.63356,0.63374
390,2023-05-09 00:11:04,0.63355,0.63373
391,2023-05-09 00:11:05,0.63356,0.63374
392,2023-05-09 00:11:05,0.63355,0.63373
393,2023-05-09 00:11:08,0.63354,0.63372
394,2023-05-09 00:11:11,0.63358,0.63376
395,2023-05-09 00:11:11,0.6336,0.63378
396,2023-05-09 00:11:11,0.63359,0.63377
397,2023-05-09 00:11:16,0.6336,0.63378
398,2023-05-09 00:11:16,0.63359,0.63377
399,2023-05-09 00:11:22,0.6336,0.63378
400,2023-05-09 00:11:22,0.63359,0.63377
401,2023-05-09 00:11:27,0.6336,0.63378
402,2023-05-09 00:11:28,0.63359,0.63377
403,2023-05-09 00:11:30,0.6336,0.63378
404,2023-05-09 00:11:33,0.63359,0.63377
405,2023-05-09 00:11:36,0.63358,0.63376
406,2023-05-09 00:11:37,0.63356,0.63374
407,2023-05-09 00:11:37,0.63357,0.63375
408,2023-05-09 00:11:44,0.63356,0.63374
409,2023-05-09 00:11:44,0.63355,0.63373
410,2023-05-09 00:11:45,0.63358,0.63376
411,2023-05-09 00:11:46,0.63359,0.63377
412,2023-05-09 00:11:46,0.6336,0.63378
413,2023-05-09 00:11:47,0.63363,0.63381
414,2023-05-09 00:11:47,0.63361,0.63379
415,2023-05-09 00:11:48,0.63364,0.63382
416,2023-05-09 00:11:52,0.63366,0.63384
417,2023-05-09 00:11:53,0.63365,0.63383
418,2023-05-09 00:11:53,0.63368,0.63386
419,2023-05-09 00:11:53,0.63369,0.63387
420,2023-05-09 00:11:59,0.6337,0.63388
421,2023-05-09 00:11:59,0.63371,0.63389
422,2023-05-09 00:12:00,0.63371,0.63389
423,2023-05-09 00:12:00,0.6337,0.63388
424,2023-05-09 00:12:01,0.63369,0.63387
425,2023-05-09 00:12:04,0.6337,0.63388
426,2023-05-09 00:12:06,0.63369,0.63387
427,2023-05-09 00:12:06,0.6337,0.63388
428,2023-05-09 00:12:07,0.63369,0.63387
429,2023-05-09 00:12:07,0.63368,0.63386
430,2023-05-09 00:12:08,0.63369,0.63387
431,2023-05-09 00:12:20,0.63368,0.63386
432,2023-05-09 00:12:20,0.63367,0.63385
433,2023-05-09 00:12:20,0.63366,0.63384
434,2023-05-09 00:12:27,0.63367,0.63385
435,2023-05-09 00:12:29,0.63366,0.63384
436,2023-05-09 00:12:38,0.63364,0.63382
437,2023-05-09 00:12:40,0.63368,0.63386
438,2023-05-09 00:12:48,0.63366,0.63384
439,2023-05-09 00:12:58,0.63365,0.63383
440,2023-05-09 00:12:58,0.63366,0.63384
441,2023-05-09 00:13:00,0.63366,0.63384
442,2023-05-09 00:13:08,0.63362,0.6338
443,2023-05-09 00:13:12,0.63361,0.63379
444,2023-05-09 00:13:35,0.63363,0.63381
445,2023-05-09 00:13:39,0.63362,0.6338
446,2023-05-09 00:13:43,0.63361,0.63379
447,2023-05-09 00:13:44,0.63352,0.6337
448,2023-05-09 00:13:44,0.63351,0.63369
449,2023-05-09 00:13:45,0.63352,0.6337
450,2023-05-09 00:13:46,0.63351,0.63369
451,2023-05-09 00:13:48,0.63352,0.6337
452,2023-05-09 00:13:48,0.63353,0.63371
453,2023-05-09 00:13:49,0.63352,0.6337
454,2023-05-09 00:13:49,0.63348,0.63366
455,2023-05-09 00:13:49,0.63347,0.63365
456,2023-05-09 00:13:50,0.63348,0.63366
457,2023-05-09 00:13:53,0.63349,0.63367
458,2023-05-09 00:14:00,0.63349,0.63367
459,2023-05-09 00:14:02,0.6335,0.63368
460,2023-05-09 00:14:10,0.63353,0.63371
461,2023-05-09 00:14:13,0.63356,0.63374
462,2023-05-09 00:14:16,0.63357,0.63375
463,2023-05-09 00:14:18,0.63358,0.63376
464,2023-05-09 00:14:19,0.6336,0.63378
465,2023-05-09 00:14:20,0.63361,0.63379
466,2023-05-09 00:14:23,0.63364,0.63382
467,2023-05-09 00:14:24,0.63363,0.63381
468,2023-05-09 00:14:25,0.63365,0.63383
469,2023-05-09 00:14:27,0.63364,0.63382
470,2023-05-09 00:14:28,0.63367,0.63385
471,2023-05-09 00:14:29,0.63368,0.63386
472,2023-05-09 00:14:29,0.63369,0.63387
473,2023-05-09 00:14:32,0.63368,0.63386
474,2023-05-09 00:14:36,0.63367,0.63385
475,2023-05-09 00:14:40,0.63366,0.63384
476,2023-05-09 00:14:41,0.63367,0.63385
477,2023-05-09 00:14:41,0.63364,0.63382
478,2023-05-09 00:14:45,0.63359,0.63377
479,2023-05-09 00:14:46,0.6336,0.63378
480,2023-05-09 00:14:49,0.63361,0.63379
481,2023-05-09 00:14:52,0.63362,0.6338
482,2023-05-09 00:14:54,0.63363,0.63381
483,2023-05-09 00:14:54,0.63362,0.6338
484,2023-05-09 00:14:56,0.63365,0.63383
485,2023-05-09 00:14:57,0.63368,0.63386
486,2023-05-09 00:14:58,0.63367,0.63385
487,2023-05-09 00:14:58,0.63368,0.63386
488,2023-05-09 00:15:00,0.63368,0.63386
489,2023-05-09 00:15:01,0.63369,0.63387
490,2023-05-09 00:15:02,0.6337,0.63388
491,2023-05-09 00:15:02,0.63372,0.6339
492,2023-05-09 00:15:04,0.63373,0.63391
493,2023-05-09 00:15:04,0.63374,0.63392
494,2023-05-09 00:15:05,0.63375,0.63393
495,2023-05-09 00:15:07,0.63374,0.63392
496,2023-05-09 00:15:08,0.63376,0.63394
497,2023-05-09 00:15:10,0.63375,0.63393
498,2023-05-09 00:15:10,0.63376,0.63394
499,2023-05-09 00:15:11,0.63375,0.63393
500,2023-05-09 00:15:12,0.63376,0.63394
501,2023-05-09 00:15:12,0.63375,0.63393
502,2023-05-09 00:15:13,0.63376,0.63394
503,2023-05-09 00:15:14,0.63375,0.63393
504,2023-05-09 00:15:15,0.63374,0.63392
505,2023-05-09 00:15:16,0.63373,0.63391
506,2023-05-09 00:15:20,0.63368,0.63386
507,2023-05-09 00:15:21,0.63367,0.63385
508,2023-05-09 00:15:25,0.63365,0.63383
509,2023-05-09 00:15:27,0.63363,0.63381
510,2023-05-09 00:15:28,0.63365,0.63383
511,2023-05-09 00:15:29,0.63367,0.63385
512,2023-05-09 00:15:30,0.63368,0.63386
513,2023-05-09 00:15:30,0.63367,0.63385
514,2023-05-09 00:15:32,0.6337,0.63388
515,2023-05-09 00:15:32,0.63369,0.63387
516,2023-05-09 00:15:33,0.63367,0.63385
517,2023-05-09 00:15:33,0.63368,0.63386
518,2023-05-09 00:15:34,0.63367,0.63385
519,2023-05-09 00:15:34,0.63365,0.63383
520,2023-05-09 00:15:35,0.63367,0.63385
521,2023-05-09 00:15:39,0.63366,0.63384
522,2023-05-09 00:15:39,0.63367,0.63385
523,2023-05-09 00:15:40,0.63368,0.63386
524,2023-05-09 00:15:42,0.63366,0.63384
525,2023-05-09 00:15:44,0.63365,0.63383
526,2023-05-09 00:15:44,0.63364,0.63382
527,2023-05-09 00:15:46,0.63365,0.63383
528,2023-05-09 00:15:49,0.63366,0.63384
529,2023-05-09 00:15:49,0.63367,0.63385
530,2023-05-09 00:15:49,0.63368,0.63386
531,2023-05-09 00:15:51,0.63367,0.63385
532,2023-05-09 00:15:52,0.63368,0.63386
533,2023-05-09 00:15:53,0.63367,0.63385
534,2023-05-09 00:15:53,0.63366,0.63384
535,2023-05-09 00:15:55,0.63367,0.63385
536,2023-05-09 00:15:56,0.63365,0.63383
537,2023-05-09 00:15:57,0.63366,0.63384
538,2023-05-09 00:15:57,0.63368,0.63386
539,2023-05-09 00:15:58,0.63367,0.63385
540,2023-05-09 00:16:00,0.63368,0.63386
541,2023-05-09 00:16:05,0.63367,0.63385
542,2023-05-09 00:16:10,0.63368,0.63386
543,2023-05-09 00:16:11,0.63367,0.63385
544,2023-05-09 00:16:16,0.6337,0.63388
545,2023-05-09 00:16:20,0.63371,0.63389
546,2023-05-09 00:16:21,0.6337,0.63388
547,2023-05-09 00:16:34,0.63369,0.63387
548,2023-05-09 00:16:34,0.63367,0.63385
549,2023-05-09 00:16:35,0.63366,0.63384
550,2023-05-09 00:16:41,0.63367,0.63385
551,2023-05-09 00:16:48,0.63366,0.63384
552,2023-05-09 00:16:55,0.63367,0.63385
553,2023-05-09 00:16:56,0.63366,0.63384
554,2023-05-09 00:17:00,0.63366,0.63384
555,2023-05-09 00:17:02,0.63367,0.63385
556,2023-05-09 00:17:07,0.63368,0.63386
557,2023-05-09 00:17:08,0.63369,0.63387
558,2023-05-09 00:17:11,0.63371,0.63389
559,2023-05-09 00:17:11,0.63372,0.6339
560,2023-05-09 00:17:12,0.63375,0.63393
561,2023-05-09 00:17:21,0.63378,0.63396
562,2023-05-09 00:17:22,0.63379,0.63397
563,2023-05-09 00:17:22,0.63381,0.63399
564,2023-05-09 00:17:23,0.63382,0.634
565,2023-05-09 00:17:27,0.63381,0.63399
566,2023-05-09 00:17:27,0.6338,0.63398
567,2023-05-09 00:17:28,0.63383,0.63401
568,2023-05-09 00:17:51,0.63384,0.63402
569,2023-05-09 00:17:51,0.63383,0.63401
570,2023-05-09 00:17:51,0.63384,0.63402
571,2023-05-09 00:17:56,0.63382,0.634
572,2023-05-09 00:17:56,0.63376,0.63394
573,2023-05-09 00:17:56,0.63374,0.63392
574,2023-05-09 00:18:00,0.63374,0.63392
575,2023-05-09 00:18:01,0.63373,0.63391
576,2023-05-09 00:18:01,0.63372,0.6339
577,2023-05-09 00:18:03,0.63373,0.63391
578,2023-05-09 00:18:04,0.63371,0.63389
579,2023-05-09 00:18:04,0.63372,0.6339
580,2023-05-09 00:18:05,0.63371,0.63389
581,2023-05-09 00:18:05,0.6337,0.63388
582,2023-05-09 00:18:05,0.63371,0.63389
583,2023-05-09 00:18:12,0.63372,0.6339
584,2023-05-09 00:18:12,0.63371,0.63389
585,2023-05-09 00:18:15,0.63372,0.6339
586,2023-05-09 00:18:15,0.63373,0.63391
587,2023-05-09 00:18:16,0.63375,0.63393
588,2023-05-09 00:18:18,0.63374,0.63392
589,2023-05-09 00:18:28,0.63376,0.63394
590,2023-05-09 00:18:30,0.63377,0.63395
591,2023-05-09 00:18:44,0.63376,0.63394
592,2023-05-09 00:18:46,0.63374,0.63392
593,2023-05-09 00:18:51,0.63375,0.63393
594,2023-05-09 00:18:51,0.63377,0.63395
595,2023-05-09 00:18:52,0.63379,0.63397
596,2023-05-09 00:19:00,0.63379,0.63397
597,2023-05-09 00:19:10,0.6338,0.63398
598,2023-05-09 00:19:11,0.63378,0.63396
599,2023-05-09 00:19:11,0.63377,0.63395
600,2023-05-09 00:19:12,0.63376,0.63394
601,2023-05-09 00:19:19,0.63375,0.63393
602,2023-05-09 00:19:20,0.63373,0.63391
603,2023-05-09 00:19:21,0.63374,0.63392
604,2023-05-09 00:19:23,0.63375,0.63393
605,2023-05-09 00:19:25,0.63376,0.63394
606,2023-05-09 00:19:35,0.63374,0.63392
607,2023-05-09 00:19:39,0.63375,0.63393
608,2023-05-09 00:19:40,0.63381,0.63399
609,2023-05-09 00:19:40,0.6338,0.63398
610,2023-05-09 00:19:41,0.63381,0.63399
611,2023-05-09 00:19:45,0.6338,0.63398
612,2023-05-09 00:19:48,0.63381,0.63399
613,2023-05-09 00:19:56,0.63383,0.63401
614,2023-05-09 00:19:58,0.63384,0.63402
615,2023-05-09 00:19:58,0.63386,0.63404
616,2023-05-09 00:20:00,0.63385,0.63403
617,2023-05-09 00:20:02,0.63386,0.63404
618,2023-05-09 00:20:02,0.63385,0.63403
619,2023-05-09 00:20:02,0.63387,0.63405
620,2023-05-09 00:20:21,0.63385,0.63403
621,2023-05-09 00:20:21,0.63381,0.63399
622,2023-05-09 00:20:25,0.63384,0.63402
623,2023-05-09 00:20:26,0.63377,0.63395
624,2023-05-09 00:20:27,0.63378,0.63396
625,2023-05-09 00:20:28,0.63379,0.63397
626,2023-05-09 00:21:00,0.63379,0.63397
627,2023-05-09 00:21:00,0.63383,0.63401
628,2023-05-09 00:21:00,0.63387,0.63405
629,2023-05-09 00:21:05,0.63386,0.63404
630,2023-05-09 00:21:06,0.63387,0.63405
631,2023-05-09 00:21:07,0.63388,0.63406
632,2023-05-09 00:21:07,0.63387,0.63405
633,2023-05-09 00:21:16,0.63385,0.63403
634,2023-05-09 00:21:17,0.63386,0.63404
635,2023-05-09 00:21:18,0.63385,0.63403
636,2023-05-09 00:21:22,0.63387,0.63405
637,2023-05-09 00:21:23,0.63386,0.63404
638,2023-05-09 00:21:23,0.63387,0.63405
639,2023-05-09 00:21:24,0.63385,0.63403
640,2023-05-09 00:22:00,0.63385,0.63403
641,2023-05-09 00:22:01,0.63384,0.63402
642,2023-05-09 00:22:02,0.6338,0.63398
643,2023-05-09 00:22:02,0.63376,0.63394
644,2023-05-09 00:22:02,0.63374,0.63392
645,2023-05-09 00:22:07,0.63373,0.63391
646,2023-05-09 00:22:07,0.63374,0.63392
647,2023-05-09 00:22:10,0.63375,0.63393
648,2023-05-09 00:22:12,0.63374,0.63392
649,2023-05-09 00:22:12,0.63372,0.6339
650,2023-05-09 00:22:14,0.63373,0.63391
651,2023-05-09 00:22:16,0.63372,0.6339
652,2023-05-09 00:22:19,0.63373,0.63391
653,2023-05-09 00:22:20,0.63375,0.63393
654,2023-05-09 00:22:20,0.63374,0.63392
655,2023-05-09 00:22:21,0.63373,0.63391
656,2023-05-09 00:22:26,0.63375,0.63393
657,2023-05-09 00:22:27,0.63376,0.63394
658,2023-05-09 00:22:27,0.63375,0.63393
659,2023-05-09 00:22:30,0.63374,0.63392
660,2023-05-09 00:22:31,0.63371,0.63389
661,2023-05-09 00:22:31,0.63369,0.63387
662,2023-05-09 00:22:31,0.63368,0.63386
663,2023-05-09 00:22:37,0.63366,0.63384
664,2023-05-09 00:22:41,0.63368,0.63386
665,2023-05-09 00:22:42,0.63369,0.63387
666,2023-05-09 00:22:42,0.6337,0.63388
667,2023-05-09 00:22:43,0.63369,0.63387
668,2023-05-09 00:22:45,0.6337,0.63388
669,2023-05-09 00:22:47,0.63369,0.63387
670,2023-05-09 00:22:47,0.63362,0.6338
671,2023-05-09 00:22:47,0.63354,0.63372
672,2023-05-09 00:22:49,0.63358,0.63376
673,2023-05-09 00:22:49,0.63357,0.63375
674,2023-05-09 00:22:52,0.63356,0.63374
675,2023-05-09 00:23:00,0.63356,0.63374
676,2023-05-09 00:23:08,0.63357,0.63375
677,2023-05-09 00:23:10,0.63359,0.63377
678,2023-05-09 00:23:11,0.63361,0.63379
679,2023-05-09 00:23:11,0.63362,0.6338
680,2023-05-09 00:23:12,0.63364,0.63382
681,2023-05-09 00:23:13,0.63365,0.63383
682,2023-05-09 00:23:13,0.63364,0.63382
683,2023-05-09 00:23:13,0.63362,0.6338
684,2023-05-09 00:23:14,0.63365,0.63383
685,2023-05-09 00:23:21,0.63364,0.63382
686,2023-05-09 00:23:29,0.63363,0.63381
687,2023-05-09 00:23:29,0.63356,0.63374
688,2023-05-09 00:23:32,0.63357,0.63375
689,2023-05-09 00:23:33,0.63358,0.63376
690,2023-05-09 00:23:37,0.63359,0.63377
691,2023-05-09 00:23:40,0.6336,0.63378
692,2023-05-09 00:23:46,0.63359,0.63377
693,2023-05-09 00:23:47,0.6336,0.63378
694,2023-05-09 00:23:49,0.63359,0.63377
695,2023-05-09 00:23:50,0.6336,0.63378
696,2023-05-09 00:23:55,0.63361,0.63379
697,2023-05-09 00:23:56,0.63362,0.6338
698,2023-05-09 00:23:57,0.6336,0.63378
699,2023-05-09 00:23:59,0.63359,0.63377
700,2023-05-09 00:24:00,0.63359,0.63377
701,2023-05-09 00:24:06,0.63353,0.63371
702,2023-05-09 00:24:07,0.63352,0.6337
703,2023-05-09 00:24:08,0.63351,0.63369
704,2023-05-09 00:24:08,0.6335,0.63368
705,2023-05-09 00:24:08,0.63349,0.63367
706,2023-05-09 00:24:09,0.6335,0.63368
707,2023-05-09 00:24:17,0.63351,0.63369
708,2023-05-09 00:24:18,0.63349,0.63367
709,2023-05-09 00:24:21,0.63348,0.63366
710,2023-05-09 00:24:22,0.63349,0.63367
711,2023-05-09 00:24:23,0.63348,0.63366
712,2023-05-09 00:24:25,0.63349,0.63367
713,2023-05-09 00:24:28,0.63348,0.63366
714,2023-05-09 00:24:28,0.63345,0.63363
715,2023-05-09 00:24:28,0.63343,0.63361
716,2023-05-09 00:24:29,0.63345,0.63363
717,2023-05-09 00:24:29,0.63344,0.63362
718,2023-05-09 00:24:30,0.63345,0.63363
719,2023-05-09 00:24:31,0.63348,0.63366
720,2023-05-09 00:24:31,0.6335,0.63368
721,2023-05-09 00:24:31,0.63349,0.63367
722,2023-05-09 00:24:32,0.63348,0.63366
723,2023-05-09 00:24:35,0.63343,0.63361
724,2023-05-09 00:24:35,0.63342,0.6336
725,2023-05-09 00:24:36,0.63343,0.63361
726,2023-05-09 00:24:38,0.63344,0.63362
727,2023-05-09 00:24:42,0.63345,0.63363
728,2023-05-09 00:24:46,0.63346,0.63364
729,2023-05-09 00:24:46,0.63345,0.63363
730,2023-05-09 00:24:47,0.63349,0.63367
731,2023-05-09 00:24:49,0.63345,0.63363
732,2023-05-09 00:24:52,0.63346,0.63364
733,2023-05-09 00:24:53,0.63345,0.63363
734,2023-05-09 00:24:53,0.63346,0.63364
735,2023-05-09 00:24:53,0.63345,0.63363
736,2023-05-09 00:24:55,0.63344,0.63362
737,2023-05-09 00:24:59,0.63345,0.63363
738,2023-05-09 00:24:59,0.63347,0.63365
739,2023-05-09 00:25:00,0.63348,0.63366
740,2023-05-09 00:25:00,0.63347,0.63365
741,2023-05-09 00:25:01,0.63348,0.63366
742,2023-05-09 00:25:01,0.63344,0.63362
743,2023-05-09 00:25:03,0.63343,0.63361
744,2023-05-09 00:25:04,0.63344,0.63362
745,2023-05-09 00:25:15,0.63345,0.63363
746,2023-05-09 00:25:16,0.63344,0.63362
747,2023-05-09 00:25:19,0.63343,0.63361
748,2023-05-09 00:25:22,0.63344,0.63362
749,2023-05-09 00:25:23,0.63346,0.63364
750,2023-05-09 00:25:23,0.63345,0.63363
751,2023-05-09 00:25:26,0.63344,0.63362
752,2023-05-09 00:25:27,0.63343,0.63361
753,2023-05-09 00:25:32,0.63344,0.63362
754,2023-05-09 00:25:36,0.63343,0.63361
755,2023-05-09 00:25:39,0.63344,0.63362
756,2023-05-09 00:25:40,0.63345,0.63363
757,2023-05-09 00:25:41,0.63344,0.63362
758,2023-05-09 00:25:42,0.63345,0.63363
759,2023-05-09 00:25:42,0.63344,0.63362
760,2023-05-09 00:25:46,0.63345,0.63363
761,2023-05-09 00:25:48,0.63347,0.63365
762,2023-05-09 00:25:48,0.63346,0.63364
763,2023-05-09 00:25:48,0.63347,0.63365
764,2023-05-09 00:25:49,0.63346,0.63364
765,2023-05-09 00:25:49,0.63347,0.63365
766,2023-05-09 00:25:50,0.63346,0.63364
767,2023-05-09 00:25:51,0.63347,0.63365
768,2023-05-09 00:25:51,0.63348,0.63366
769,2023-05-09 00:25:53,0.6335,0.63368
770,2023-05-09 00:25:53,0.63353,0.63371
771,2023-05-09 00:26:00,0.63353,0.63371
772,2023-05-09 00:26:02,0.63354,0.63372
773,2023-05-09 00:26:03,0.63353,0.63371
774,2023-05-09 00:26:07,0.63354,0.63372
775,2023-05-09 00:26:09,0.63356,0.63374
776,2023-05-09 00:26:09,0.63357,0.63375
777,2023-05-09 00:26:10,0.63356,0.63374
778,2023-05-09 00:26:10,0.63357,0.63375
779,2023-05-09 00:26:11,0.63356,0.63374
780,2023-05-09 00:26:12,0.63357,0.63375
781,2023-05-09 00:26:12,0.6336,0.63378
782,2023-05-09 00:26:17,0.63358,0.63376
783,2023-05-09 00:26:17,0.63356,0.63374
784,2023-05-09 00:26:20,0.63357,0.63375
785,2023-05-09 00:26:20,0.63356,0.63374
786,2023-05-09 00:26:30,0.63355,0.63373
787,2023-05-09 00:26:30,0.63354,0.63372
788,2023-05-09 00:26:37,0.63355,0.63373
789,2023-05-09 00:26:37,0.63356,0.63374
790,2023-05-09 00:26:40,0.63355,0.63373
791,2023-05-09 00:26:40,0.63354,0.63372
792,2023-05-09 00:26:42,0.63355,0.63373
793,2023-05-09 00:26:46,0.63354,0.63372
794,2023-05-09 00:26:47,0.63357,0.63375
795,2023-05-09 00:26:47,0.63356,0.63374
796,2023-05-09 00:26:50,0.63355,0.63373
797,2023-05-09 00:26:51,0.63354,0.63372
798,2023-05-09 00:26:54,0.63357,0.63375
799,2023-05-09 00:27:00,0.63357,0.63375
800,2023-05-09 00:27:01,0.63358,0.63376
801,2023-05-09 00:27:01,0.63356,0.63374
802,2023-05-09 00:27:03,0.63358,0.63376
803,2023-05-09 00:27:08,0.63362,0.6338
804,2023-05-09 00:27:08,0.63363,0.63381
805,2023-05-09 00:27:13,0.63364,0.63382
806,2023-05-09 00:27:30,0.63365,0.63383
807,2023-05-09 00:27:31,0.63368,0.63386
808,2023-05-09 00:27:32,0.63369,0.63387
809,2023-05-09 00:27:35,0.6337,0.63388
810,2023-05-09 00:27:39,0.63369,0.63387
811,2023-05-09 00:27:42,0.63366,0.63384
812,2023-05-09 00:27:44,0.63368,0.63386
813,2023-05-09 00:27:48,0.6337,0.63388
814,2023-05-09 00:27:59,0.63368,0.63386
815,2023-05-09 00:27:59,0.63366,0.63384
816,2023-05-09 00:28:00,0.63366,0.63384
817,2023-05-09 00:28:00,0.63368,0.63386
818,2023-05-09 00:28:08,0.63367,0.63385
819,2023-05-09 00:28:11,0.63368,0.63386
820,2023-05-09 00:28:11,0.63367,0.63385
821,2023-05-09 00:28:12,0.63368,0.63386
822,2023-05-09 00:28:12,0.63367,0.63385
823,2023-05-09 00:28:15,0.63368,0.63386
824,2023-05-09 00:28:15,0.63367,0.63385
825,2023-05-09 00:28:17,0.63368,0.63386
826,2023-05-09 00:28:17,0.63367,0.63385
827,2023-05-09 00:28:22,0.63366,0.63384
828,2023-05-09 00:28:22,0.63365,0.63383
829,2023-05-09 00:28:28,0.63364,0.63382
830,2023-05-09 00:28:29,0.63369,0.63387
831,2023-05-09 00:28:36,0.63366,0.63384
832,2023-05-09 00:28:38,0.63365,0.63383
833,2023-05-09 00:28:38,0.63364,0.63382
834,2023-05-09 00:28:41,0.63363,0.63381
835,2023-05-09 00:28:42,0.63364,0.63382
836,2023-05-09 00:28:43,0.63365,0.63383
837,2023-05-09 00:28:43,0.63369,0.63387
838,2023-05-09 00:28:44,0.63371,0.63389
839,2023-05-09 00:28:44,0.63373,0.63391
840,2023-05-09 00:28:45,0.63374,0.63392
841,2023-05-09 00:28:45,0.63373,0.63391
842,2023-05-09 00:28:46,0.63372,0.6339
843,2023-05-09 00:28:49,0.63373,0.63391
844,2023-05-09 00:28:49,0.63372,0.6339
845,2023-05-09 00:28:50,0.63373,0.63391
846,2023-05-09 00:28:52,0.63372,0.6339
847,2023-05-09 00:28:52,0.63373,0.63391
848,2023-05-09 00:28:53,0.63374,0.63392
849,2023-05-09 00:28:53,0.63373,0.63391
850,2023-05-09 00:28:54,0.63374,0.63392
851,2023-05-09 00:28:54,0.63373,0.63391
852,2023-05-09 00:28:58,0.63374,0.63392
853,2023-05-09 00:28:59,0.63373,0.63391
854,2023-05-09 00:28:59,0.63374,0.63392
855,2023-05-09 00:29:00,0.63373,0.63391
856,2023-05-09 00:29:04,0.63374,0.63392
857,2023-05-09 00:29:11,0.63373,0.63391
858,2023-05-09 00:29:13,0.63374,0.63392
859,2023-05-09 00:29:14,0.63373,0.63391
860,2023-05-09 00:29:18,0.63374,0.63392
861,2023-05-09 00:29:20,0.63376,0.63394
862,2023-05-09 00:29:20,0.63377,0.63395
863,2023-05-09 00:29:22,0.63378,0.63396
864,2023-05-09 00:29:25,0.63379,0.63397
865,2023-05-09 00:29:26,0.63378,0.63396
866,2023-05-09 00:29:29,0.6338,0.63398
867,2023-05-09 00:29:35,0.63379,0.63397
868,2023-05-09 00:29:35,0.6338,0.63398
869,2023-05-09 00:29:36,0.63381,0.63399
870,2023-05-09 00:29:37,0.6338,0.63398
871,2023-05-09 00:29:45,0.63381,0.63399
872,2023-05-09 00:29:48,0.6338,0.63398
873,2023-05-09 00:29:50,0.63381,0.63399
874,2023-05-09 00:29:52,0.6338,0.63398
875,2023-05-09 00:29:54,0.63381,0.63399
876,2023-05-09 00:30:00,0.63381,0.63399
877,2023-05-09 00:30:01,0.63382,0.634
878,2023-05-09 00:30:04,0.63384,0.63402
879,2023-05-09 00:30:04,0.63385,0.63403
880,2023-05-09 00:30:05,0.63386,0.63404
881,2023-05-09 00:30:08,0.63387,0.63405
882,2023-05-09 00:30:10,0.63386,0.63404
883,2023-05-09 00:30:17,0.63387,0.63405
884,2023-05-09 00:30:19,0.63388,0.63406
885,2023-05-09 00:30:21,0.63389,0.63407
886,2023-05-09 00:30:23,0.63388,0.63406
887,2023-05-09 00:30:24,0.63387,0.63405
888,2023-05-09 00:30:26,0.63386,0.63404
889,2023-05-09 00:30:30,0.63385,0.63403
890,2023-05-09 00:30:35,0.63384,0.63402
891,2023-05-09 00:30:43,0.63385,0.63403
892,2023-05-09 00:31:00,0.63385,0.63403
893,2023-05-09 00:31:02,0.63384,0.63402
894,2023-05-09 00:31:03,0.63385,0.63403
895,2023-05-09 00:31:03,0.63386,0.63404
896,2023-05-09 00:31:05,0.63385,0.63403
897,2023-05-09 00:31:15,0.63386,0.63404
898,2023-05-09 00:31:16,0.63388,0.63406
899,2023-05-09 00:31:16,0.63387,0.63405
900,2023-05-09 00:31:30,0.63385,0.63403
901,2023-05-09 00:31:31,0.63384,0.63402
902,2023-05-09 00:31:32,0.63385,0.63403
903,2023-05-09 00:31:42,0.63387,0.63405
904,2023-05-09 00:31:42,0.63388,0.63406
905,2023-05-09 00:31:43,0.63389,0.63407
906,2023-05-09 00:31:50,0.6339,0.63408
907,2023-05-09 00:32:00,0.6339,0.63408
908,2023-05-09 00:32:25,0.63387,0.63405
909,2023-05-09 00:32:25,0.63386,0.63404
910,2023-05-09 00:32:25,0.63385,0.63403
911,2023-05-09 00:32:28,0.63384,0.63402
912,2023-05-09 00:32:34,0.63383,0.63401
913,2023-05-09 00:32:35,0.63382,0.634
914,2023-05-09 00:32:41,0.63381,0.63399
915,2023-05-09 00:32:44,0.63378,0.63396
916,2023-05-09 00:33:00,0.63378,0.63396
917,2023-05-09 00:33:01,0.63374,0.63392
918,2023-05-09 00:33:01,0.63373,0.63391
919,2023-05-09 00:33:16,0.63367,0.63385
920,2023-05-09 00:33:17,0.63366,0.63384
921,2023-05-09 00:33:26,0.63365,0.63383
922,2023-05-09 00:33:30,0.63366,0.63384
923,2023-05-09 00:33:30,0.63367,0.63385
924,2023-05-09 00:33:33,0.63366,0.63384
925,2023-05-09 00:33:33,0.63367,0.63385
926,2023-05-09 00:33:35,0.63366,0.63384
927,2023-05-09 00:33:36,0.6337,0.63388
928,2023-05-09 00:33:37,0.63371,0.63389
929,2023-05-09 00:33:37,0.63372,0.6339
930,2023-05-09 00:33:37,0.63373,0.63391
931,2023-05-09 00:33:38,0.63368,0.63386
932,2023-05-09 00:33:39,0.63369,0.63387
933,2023-05-09 00:33:40,0.6337,0.63388
934,2023-05-09 00:33:41,0.63371,0.63389
935,2023-05-09 00:33:44,0.63372,0.6339
936,2023-05-09 00:33:45,0.63371,0.63389
937,2023-05-09 00:33:46,0.6337,0.63388
938,2023-05-09 00:33:47,0.63369,0.63387
939,2023-05-09 00:33:47,0.63367,0.63385
940,2023-05-09 00:33:50,0.63369,0.63387
941,2023-05-09 00:33:52,0.63371,0.63389
942,2023-05-09 00:33:55,0.63372,0.6339
943,2023-05-09 00:34:00,0.63372,0.6339
944,2023-05-09 00:34:16,0.63375,0.63393
945,2023-05-09 00:34:16,0.63378,0.63396
946,2023-05-09 00:34:23,0.63379,0.63397
947,2023-05-09 00:34:24,0.63378,0.63396
948,2023-05-09 00:34:28,0.63379,0.63397
949,2023-05-09 00:34:30,0.63378,0.63396
950,2023-05-09 00:35:00,0.63378,0.63396
951,2023-05-09 00:35:05,0.63381,0.63399
952,2023-05-09 00:35:08,0.63382,0.634
953,2023-05-09 00:35:35,0.63385,0.63403
954,2023-05-09 00:35:37,0.63384,0.63402
955,2023-05-09 00:35:37,0.63385,0.63403
956,2023-05-09 00:35:37,0.63384,0.63402
957,2023-05-09 00:35:49,0.63383,0.63401
958,2023-05-09 00:35:52,0.63382,0.634
959,2023-05-09 00:35:56,0.63381,0.63399
960,2023-05-09 00:35:57,0.63378,0.63396
961,2023-05-09 00:35:58,0.63376,0.63394
962,2023-05-09 00:36:00,0.63376,0.63394
963,2023-05-09 00:36:00,0.63378,0.63396
964,2023-05-09 00:36:18,0.63377,0.63395
965,2023-05-09 00:36:24,0.63378,0.63396
966,2023-05-09 00:36:27,0.63377,0.63395
967,2023-05-09 00:36:30,0.63371,0.63389
968,2023-05-09 00:36:30,0.6337,0.63388
969,2023-05-09 00:36:31,0.63369,0.63387
970,2023-05-09 00:36:40,0.6337,0.63388
971,2023-05-09 00:36:41,0.63369,0.63387
972,2023-05-09 00:36:41,0.63368,0.63386
973,2023-05-09 00:36:45,0.63369,0.63387
974,2023-05-09 00:36:46,0.63371,0.63389
975,2023-05-09 00:37:00,0.63371,0.63389
976,2023-05-09 00:37:04,0.63365,0.63383
977,2023-05-09 00:37:04,0.63364,0.63382
978,2023-05-09 00:37:04,0.63363,0.63381
979,2023-05-09 00:37:06,0.63364,0.63382
980,2023-05-09 00:37:08,0.63363,0.63381
981,2023-05-09 00:37:14,0.63364,0.63382
982,2023-05-09 00:37:15,0.63365,0.63383
983,2023-05-09 00:37:16,0.63364,0.63382
984,2023-05-09 00:37:20,0.63365,0.63383
985,2023-05-09 00:37:23,0.63366,0.63384
986,2023-05-09 00:37:23,0.63365,0.63383
987,2023-05-09 00:37:27,0.63364,0.63382
988,2023-05-09 00:37:28,0.63361,0.63379
989,2023-05-09 00:37:28,0.63359,0.63377
990,2023-05-09 00:37:30,0.63361,0.63379
991,2023-05-09 00:37:32,0.63362,0.6338
992,2023-05-09 00:37:33,0.63364,0.63382
993,2023-05-09 00:37:34,0.63365,0.63383
994,2023-05-09 00:37:35,0.63363,0.63381
995,2023-05-09 00:37:36,0.63364,0.63382
996,2023-05-09 00:37:47,0.6336,0.63378
997,2023-05-09 00:37:48,0.63358,0.63376
998,2023-05-09 00:37:51,0.63359,0.63377
999,2023-05-09 00:37:52,0.6336,0.63378
1000,2023-05-09 00:37:56,0.63363,0.63381
1001,2023-05-09 00:37:56,0.63364,0.63382
1002,2023-05-09 00:37:59,0.63365,0.63383
1003,2023-05-09 00:37:59,0.6337,0.63388
1004,2023-05-09 00:38:00,0.6337,0.63388
1005,2023-05-09 00:38:14,0.63371,0.63389
1006,2023-05-09 00:38:15,0.63374,0.63392
1007,2023-05-09 00:38:19,0.63375,0.63393
1008,2023-05-09 00:38:28,0.63376,0.63394
1009,2023-05-09 00:38:29,0.63378,0.63396
1010,2023-05-09 00:38:37,0.63373,0.63391
1011,2023-05-09 00:38:38,0.63371,0.63389
1012,2023-05-09 00:38:39,0.63368,0.63386
1013,2023-05-09 00:38:41,0.63372,0.6339
1014,2023-05-09 00:38:41,0.63373,0.63391
1015,2023-05-09 00:38:41,0.63376,0.63394
1016,2023-05-09 00:38:41,0.63377,0.63395
1017,2023-05-09 00:38:43,0.63376,0.63394
1018,2023-05-09 00:38:45,0.63378,0.63396
1019,2023-05-09 00:38:54,0.6338,0.63398
1020,2023-05-09 00:38:54,0.63381,0.63399
1021,2023-05-09 00:38:55,0.63378,0.63396
1022,2023-05-09 00:38:58,0.6338,0.63398
1023,2023-05-09 00:38:59,0.63382,0.634
1024,2023-05-09 00:39:00,0.63382,0.634
1025,2023-05-09 00:39:03,0.63383,0.63401
1026,2023-05-09 00:39:03,0.63382,0.634
1027,2023-05-09 00:39:07,0.63377,0.63395
1028,2023-05-09 00:39:07,0.63374,0.63392
1029,2023-05-09 00:39:07,0.63373,0.63391
1030,2023-05-09 00:39:08,0.63372,0.6339
1031,2023-05-09 00:39:11,0.63374,0.63392
1032,2023-05-09 00:39:13,0.63376,0.63394
1033,2023-05-09 00:39:13,0.63375,0.63393
1034,2023-05-09 00:39:14,0.63376,0.63394
1035,2023-05-09 00:39:14,0.63378,0.63396
1036,2023-05-09 00:39:15,0.63381,0.63399
1037,2023-05-09 00:39:15,0.63377,0.63395
1038,2023-05-09 00:39:16,0.63379,0.63397
1039,2023-05-09 00:39:17,0.63378,0.63396
1040,2023-05-09 00:39:17,0.63377,0.63395
1041,2023-05-09 00:39:18,0.63378,0.63396
1042,2023-05-09 00:39:20,0.63377,0.63395
1043,2023-05-09 00:39:21,0.63378,0.63396
1044,2023-05-09 00:39:23,0.63379,0.63397
1045,2023-05-09 00:39:25,0.63381,0.63399
1046,2023-05-09 00:39:25,0.6338,0.63398
1047,2023-05-09 00:39:25,0.63381,0.63399
1048,2023-05-09 00:39:27,0.63382,0.634
1049,2023-05-09 00:39:27,0.63383,0.63401
1050,2023-05-09 00:39:30,0.63382,0.634
1051,2023-05-09 00:39:34,0.63383,0.63401
1052,2023-05-09 00:39:40,0.63382,0.634
1053,2023-05-09 00:39:40,0.63376,0.63394
1054,2023-05-09 00:39:42,0.63377,0.63395
1055,2023-05-09 00:39:42,0.63376,0.63394
1056,2023-05-09 00:39:43,0.63377,0.63395
1057,2023-05-09 00:39:44,0.63376,0.63394
1058,2023-05-09 00:39:48,0.63377,0.63395
1059,2023-05-09 00:39:49,0.63374,0.63392
1060,2023-05-09 00:39:50,0.63373,0.63391
1061,2023-05-09 00:39:51,0.63374,0.63392
1062,2023-05-09 00:39:52,0.63373,0.63391
1063,2023-05-09 00:39:52,0.63374,0.63392
1064,2023-05-09 00:39:52,0.63376,0.63394
1065,2023-05-09 00:39:54,0.63377,0.63395
1066,2023-05-09 00:39:55,0.63379,0.63397
1067,2023-05-09 00:39:55,0.63378,0.63396
1068,2023-05-09 00:39:57,0.63376,0.63394
1069,2023-05-09 00:39:59,0.63375,0.63393
1070,2023-05-09 00:40:00,0.63375,0.63393
1071,2023-05-09 00:40:02,0.63376,0.63394
1072,2023-05-09 00:40:03,0.63375,0.63393
1073,2023-05-09 00:40:03,0.63374,0.63392
1074,2023-05-09 00:40:04,0.63373,0.63391
1075,2023-05-09 00:40:04,0.63374,0.63392
1076,2023-05-09 00:40:08,0.63375,0.63393
1077,2023-05-09 00:40:08,0.63374,0.63392
1078,2023-05-09 00:40:09,0.63373,0.63391
1079,2023-05-09 00:40:10,0.63372,0.6339
1080,2023-05-09 00:40:10,0.63369,0.63387
1081,2023-05-09 00:40:11,0.63368,0.63386
1082,2023-05-09 00:40:11,0.6337,0.63388
1083,2023-05-09 00:40:11,0.63371,0.63389
1084,2023-05-09 00:40:12,0.6337,0.63388
1085,2023-05-09 00:40:13,0.63371,0.63389
1086,2023-05-09 00:40:16,0.63373,0.63391
1087,2023-05-09 00:40:16,0.63371,0.63389
1088,2023-05-09 00:40:17,0.6337,0.63388
1089,2023-05-09 00:40:18,0.63371,0.63389
1090,2023-05-09 00:40:21,0.6337,0.63388
1091,2023-05-09 00:40:30,0.63369,0.63387
1092,2023-05-09 00:40:31,0.6337,0.63388
1093,2023-05-09 00:40:31,0.63371,0.63389
1094,2023-05-09 00:40:32,0.6337,0.63388
1095,2023-05-09 00:40:33,0.63369,0.63387
1096,2023-05-09 00:40:34,0.6337,0.63388
1097,2023-05-09 00:40:35,0.63371,0.63389
1098,2023-05-09 00:40:36,0.6337,0.63388
1099,2023-05-09 00:40:37,0.63371,0.63389
1100,2023-05-09 00:40:38,0.63372,0.6339
1101,2023-05-09 00:40:38,0.63371,0.63389
1102,2023-05-09 00:40:39,0.6337,0.63388
1103,2023-05-09 00:40:39,0.63371,0.63389
1104,2023-05-09 00:40:44,0.6337,0.63388
1105,2023-05-09 00:40:45,0.63371,0.63389
1106,2023-05-09 00:40:46,0.63372,0.6339
1107,2023-05-09 00:40:46,0.6337,0.63388
1108,2023-05-09 00:40:49,0.63369,0.63387
1109,2023-05-09 00:40:50,0.6337,0.63388
1110,2023-05-09 00:40:51,0.63369,0.63387
1111,2023-05-09 00:40:53,0.6337,0.63388
1112,2023-05-09 00:40:55,0.63369,0.63387
1113,2023-05-09 00:40:56,0.6337,0.63388
1114,2023-05-09 00:40:59,0.63369,0.63387
1115,2023-05-09 00:41:00,0.63369,0.63387
1116,2023-05-09 00:41:01,0.6337,0.63388
1117,2023-05-09 00:41:08,0.63369,0.63387
1118,2023-05-09 00:41:11,0.6337,0.63388
1119,2023-05-09 00:41:12,0.63369,0.63387
1120,2023-05-09 00:41:13,0.6337,0.63388
1121,2023-05-09 00:41:14,0.63369,0.63387
1122,2023-05-09 00:41:15,0.6337,0.63388
1123,2023-05-09 00:41:17,0.63371,0.63389
1124,2023-05-09 00:41:17,0.63372,0.6339
1125,2023-05-09 00:41:19,0.63371,0.63389
1126,2023-05-09 00:41:20,0.63372,0.6339
1127,2023-05-09 00:41:20,0.63373,0.63391
1128,2023-05-09 00:41:21,0.63372,0.6339
1129,2023-05-09 00:41:21,0.63371,0.63389
1130,2023-05-09 00:41:23,0.63372,0.6339
1131,2023-05-09 00:41:27,0.63371,0.63389
1132,2023-05-09 00:41:31,0.63374,0.63392
1133,2023-05-09 00:41:31,0.63373,0.63391
1134,2023-05-09 00:41:32,0.63372,0.6339
1135,2023-05-09 00:41:34,0.63373,0.63391
1136,2023-05-09 00:41:35,0.63374,0.63392
1137,2023-05-09 00:41:35,0.63373,0.63391
1138,2023-05-09 00:41:35,0.63372,0.6339
1139,2023-05-09 00:41:36,0.63371,0.63389
1140,2023-05-09 00:41:37,0.6337,0.63388
1141,2023-05-09 00:41:37,0.63369,0.63387
1142,2023-05-09 00:41:48,0.6337,0.63388
1143,2023-05-09 00:41:49,0.63368,0.63386
1144,2023-05-09 00:41:52,0.63367,0.63385
1145,2023-05-09 00:41:59,0.63368,0.63386
1146,2023-05-09 00:42:00,0.63368,0.63386
1147,2023-05-09 00:42:04,0.6337,0.63388
1148,2023-05-09 00:42:09,0.63371,0.63389
1149,2023-05-09 00:42:10,0.6337,0.63388
1150,2023-05-09 00:42:10,0.63371,0.63389
1151,2023-05-09 00:42:11,0.63372,0.6339
1152,2023-05-09 00:42:11,0.63373,0.63391
1153,2023-05-09 00:42:12,0.63372,0.6339
1154,2023-05-09 00:42:12,0.63371,0.63389
1155,2023-05-09 00:42:12,0.63372,0.6339
1156,2023-05-09 00:42:13,0.63371,0.63389
1157,2023-05-09 00:42:13,0.63372,0.6339
1158,2023-05-09 00:42:14,0.63373,0.63391
1159,2023-05-09 00:42:16,0.63372,0.6339
1160,2023-05-09 00:42:16,0.63371,0.63389
1161,2023-05-09 00:42:17,0.6337,0.63388
1162,2023-05-09 00:42:18,0.63371,0.63389
1163,2023-05-09 00:42:18,0.63372,0.6339
1164,2023-05-09 00:42:19,0.63371,0.63389
1165,2023-05-09 00:42:22,0.6337,0.63388
1166,2023-05-09 00:42:22,0.63369,0.63387
1167,2023-05-09 00:42:28,0.6337,0.63388
1168,2023-05-09 00:42:28,0.63373,0.63391
1169,2023-05-09 00:42:56,0.63372,0.6339
1170,2023-05-09 00:42:56,0.63368,0.63386
1171,2023-05-09 00:43:00,0.63368,0.63386
1172,2023-05-09 00:43:02,0.63369,0.63387
1173,2023-05-09 00:43:03,0.63368,0.63386
1174,2023-05-09 00:43:05,0.63369,0.63387
1175,2023-05-09 00:43:07,0.63368,0.63386
1176,2023-05-09 00:43:21,0.63367,0.63385
1177,2023-05-09 00:43:22,0.63369,0.63387
1178,2023-05-09 00:43:25,0.6337,0.63388
1179,2023-05-09 00:43:28,0.63369,0.63387
1180,2023-05-09 00:43:33,0.6337,0.63388
1181,2023-05-09 00:43:34,0.63372,0.6339
1182,2023-05-09 00:43:38,0.63371,0.63389
1183,2023-05-09 00:43:41,0.6337,0.63388
1184,2023-05-09 00:43:41,0.63371,0.63389
1185,2023-05-09 00:43:58,0.63372,0.6339
1186,2023-05-09 00:43:58,0.63371,0.63389
1187,2023-05-09 00:44:00,0.63371,0.63389
1188,2023-05-09 00:44:09,0.63374,0.63392
1189,2023-05-09 00:44:09,0.63376,0.63394
1190,2023-05-09 00:44:10,0.63375,0.63393
1191,2023-05-09 00:44:10,0.63372,0.6339
1192,2023-05-09 00:44:15,0.63373,0.63391
1193,2023-05-09 00:44:23,0.63374,0.63392
1194,2023-05-09 00:44:24,0.63373,0.63391
1195,2023-05-09 00:44:32,0.63372,0.6339
1196,2023-05-09 00:44:40,0.63374,0.63392
1197,2023-05-09 00:44:45,0.63376,0.63394
1198,2023-05-09 00:44:52,0.63378,0.63396
1199,2023-05-09 00:45:00,0.63378,0.63396
1200,2023-05-09 00:45:04,0.63377,0.63395
1201,2023-05-09 00:45:04,0.63378,0.63396
1202,2023-05-09 00:45:17,0.63377,0.63395
1203,2023-05-09 00:45:18,0.63378,0.63396
1204,2023-05-09 00:45:21,0.63374,0.63392
1205,2023-05-09 00:45:22,0.63373,0.63391
1206,2023-05-09 00:45:26,0.63371,0.63389
1207,2023-05-09 00:45:26,0.63368,0.63386
1208,2023-05-09 00:45:28,0.63369,0.63387
1209,2023-05-09 00:45:33,0.63367,0.63385
1210,2023-05-09 00:45:34,0.63368,0.63386
1211,2023-05-09 00:45:36,0.6337,0.63388
1212,2023-05-09 00:45:41,0.63369,0.63387
1213,2023-05-09 00:45:45,0.6337,0.63388
1214,2023-05-09 00:45:47,0.63371,0.63389
1215,2023-05-09 00:45:48,0.63372,0.6339
1216,2023-05-09 00:45:49,0.63373,0.63391
1217,2023-05-09 00:45:49,0.63372,0.6339
1218,2023-05-09 00:45:49,0.63371,0.63389
1219,2023-05-09 00:45:51,0.63372,0.6339
1220,2023-05-09 00:45:52,0.63371,0.63389
1221,2023-05-09 00:45:52,0.63372,0.6339
1222,2023-05-09 00:45:54,0.63371,0.63389
1223,2023-05-09 00:45:55,0.63372,0.6339
1224,2023-05-09 00:45:55,0.63374,0.63392
1225,2023-05-09 00:45:55,0.63375,0.63393
1226,2023-05-09 00:45:55,0.63374,0.63392
1227,2023-05-09 00:45:56,0.63373,0.63391
1228,2023-05-09 00:46:00,0.63373,0.63391
1229,2023-05-09 00:46:02,0.63374,0.63392
1230,2023-05-09 00:46:05,0.63373,0.63391
1231,2023-05-09 00:46:06,0.63374,0.63392
1232,2023-05-09 00:46:07,0.63375,0.63393
1233,2023-05-09 00:46:07,0.63374,0.63392
1234,2023-05-09 00:46:08,0.63375,0.63393
1235,2023-05-09 00:46:08,0.63378,0.63396
1236,2023-05-09 00:46:09,0.63377,0.63395
1237,2023-05-09 00:46:09,0.63378,0.63396
1238,2023-05-09 00:46:09,0.63377,0.63395
1239,2023-05-09 00:46:11,0.63378,0.63396
1240,2023-05-09 00:46:11,0.63379,0.63397
1241,2023-05-09 00:46:12,0.6338,0.63398
1242,2023-05-09 00:46:12,0.63381,0.63399
1243,2023-05-09 00:46:13,0.6338,0.63398
1244,2023-05-09 00:46:13,0.63381,0.63399
1245,2023-05-09 00:46:13,0.6338,0.63398
1246,2023-05-09 00:46:14,0.63379,0.63397
1247,2023-05-09 00:46:16,0.6338,0.63398
1248,2023-05-09 00:46:17,0.63381,0.63399
1249,2023-05-09 00:46:18,0.63382,0.634
1250,2023-05-09 00:46:21,0.63381,0.63399
1251,2023-05-09 00:46:23,0.6338,0.63398
1252,2023-05-09 00:46:24,0.63379,0.63397
1253,2023-05-09 00:46:30,0.63378,0.63396
1254,2023-05-09 00:46:32,0.63379,0.63397
1255,2023-05-09 00:46:34,0.63378,0.63396
1256,2023-05-09 00:46:35,0.63379,0.63397
1257,2023-05-09 00:46:37,0.6338,0.63398
1258,2023-05-09 00:46:37,0.63381,0.63399
1259,2023-05-09 00:46:39,0.6338,0.63398
1260,2023-05-09 00:46:39,0.63382,0.634
1261,2023-05-09 00:46:40,0.6338,0.63398
1262,2023-05-09 00:46:41,0.63379,0.63397
1263,2023-05-09 00:46:50,0.6338,0.63398
1264,2023-05-09 00:46:52,0.63379,0.63397
1265,2023-05-09 00:46:52,0.6338,0.63398
1266,2023-05-09 00:46:52,0.63381,0.63399
1267,2023-05-09 00:46:53,0.6338,0.63398
1268,2023-05-09 00:46:54,0.63381,0.63399
1269,2023-05-09 00:46:54,0.6338,0.63398
1270,2023-05-09 00:46:55,0.63377,0.63395
1271,2023-05-09 00:46:55,0.63375,0.63393
1272,2023-05-09 00:47:00,0.63375,0.63393
1273,2023-05-09 00:47:04,0.63374,0.63392
1274,2023-05-09 00:47:05,0.63373,0.63391
1275,2023-05-09 00:47:10,0.6337,0.63388
1276,2023-05-09 00:47:11,0.63369,0.63387
1277,2023-05-09 00:47:12,0.6337,0.63388
1278,2023-05-09 00:47:13,0.63373,0.63391
1279,2023-05-09 00:47:16,0.63372,0.6339
1280,2023-05-09 00:47:23,0.63373,0.63391
1281,2023-05-09 00:47:28,0.63374,0.63392
1282,2023-05-09 00:47:29,0.63373,0.63391
1283,2023-05-09 00:47:30,0.63372,0.6339
1284,2023-05-09 00:47:30,0.63373,0.63391
1285,2023-05-09 00:47:30,0.63372,0.6339
1286,2023-05-09 00:47:31,0.63373,0.63391
1287,2023-05-09 00:47:31,0.63372,0.6339
1288,2023-05-09 00:48:00,0.63372,0.6339
1289,2023-05-09 00:48:11,0.63373,0.63391
1290,2023-05-09 00:48:16,0.63374,0.63392
1291,2023-05-09 00:48:20,0.63375,0.63393
1292,2023-05-09 00:48:20,0.63374,0.63392
1293,2023-05-09 00:48:24,0.63375,0.63393
1294,2023-05-09 00:48:25,0.63376,0.63394
1295,2023-05-09 00:48:27,0.63375,0.63393
1296,2023-05-09 00:48:27,0.63376,0.63394
1297,2023-05-09 00:48:28,0.63375,0.63393
1298,2023-05-09 00:48:28,0.63376,0.63394
1299,2023-05-09 00:48:29,0.63375,0.63393
1300,2023-05-09 00:48:29,0.63376,0.63394
1301,2023-05-09 00:48:31,0.63377,0.63395
1302,2023-05-09 00:48:31,0.63376,0.63394
1303,2023-05-09 00:48:32,0.63375,0.63393
1304,2023-05-09 00:48:33,0.63376,0.63394
1305,2023-05-09 00:48:33,0.63375,0.63393
1306,2023-05-09 00:48:33,0.63376,0.63394
1307,2023-05-09 00:48:34,0.63375,0.63393
1308,2023-05-09 00:48:35,0.63376,0.63394
1309,2023-05-09 00:48:36,0.63375,0.63393
1310,2023-05-09 00:48:36,0.63376,0.63394
1311,2023-05-09 00:48:37,0.63377,0.63395
1312,2023-05-09 00:48:37,0.63376,0.63394
1313,2023-05-09 00:48:38,0.63377,0.63395
1314,2023-05-09 00:48:40,0.63376,0.63394
1315,2023-05-09 00:48:41,0.63377,0.63395
1316,2023-05-09 00:48:42,0.63376,0.63394
1317,2023-05-09 00:48:44,0.63375,0.63393
1318,2023-05-09 00:48:46,0.63376,0.63394
1319,2023-05-09 00:48:46,0.63377,0.63395
1320,2023-05-09 00:48:47,0.6338,0.63398
1321,2023-05-09 00:48:47,0.63379,0.63397
1322,2023-05-09 00:48:47,0.63378,0.63396
1323,2023-05-09 00:48:48,0.63379,0.63397
1324,2023-05-09 00:48:50,0.6338,0.63398
1325,2023-05-09 00:48:50,0.63381,0.63399
1326,2023-05-09 00:48:55,0.6338,0.63398
1327,2023-05-09 00:48:57,0.63381,0.63399
1328,2023-05-09 00:49:00,0.63381,0.63399
1329,2023-05-09 00:49:01,0.63382,0.634
1330,2023-05-09 00:49:02,0.63383,0.63401
1331,2023-05-09 00:49:02,0.63381,0.63399
1332,2023-05-09 00:49:03,0.63384,0.63402
1333,2023-05-09 00:49:07,0.63381,0.63399
1334,2023-05-09 00:49:09,0.63382,0.634
1335,2023-05-09 00:49:15,0.63381,0.63399
1336,2023-05-09 00:49:16,0.63382,0.634
1337,2023-05-09 00:49:17,0.63379,0.63397
1338,2023-05-09 00:49:17,0.6338,0.63398
1339,2023-05-09 00:49:17,0.63381,0.63399
1340,2023-05-09 00:49:21,0.63382,0.634
1341,2023-05-09 00:49:24,0.63383,0.63401
1342,2023-05-09 00:49:25,0.63382,0.634
1343,2023-05-09 00:49:25,0.63383,0.63401
1344,2023-05-09 00:49:26,0.63382,0.634
1345,2023-05-09 00:49:26,0.63383,0.63401
1346,2023-05-09 00:49:30,0.63384,0.63402
1347,2023-05-09 00:49:34,0.63383,0.63401
1348,2023-05-09 00:49:37,0.63384,0.63402
1349,2023-05-09 00:49:42,0.63385,0.63403
1350,2023-05-09 00:49:42,0.63386,0.63404
1351,2023-05-09 00:49:44,0.63385,0.63403
1352,2023-05-09 00:49:46,0.63386,0.63404
1353,2023-05-09 00:49:47,0.63387,0.63405
1354,2023-05-09 00:49:47,0.63386,0.63404
1355,2023-05-09 00:49:48,0.63385,0.63403
1356,2023-05-09 00:49:48,0.63386,0.63404
1357,2023-05-09 00:49:49,0.63385,0.63403
1358,2023-05-09 00:49:50,0.63386,0.63404
1359,2023-05-09 00:49:54,0.63384,0.63402
1360,2023-05-09 00:49:59,0.6338,0.63398
1361,2023-05-09 00:49:59,0.63379,0.63397
1362,2023-05-09 00:50:00,0.63379,0.63397
1363,2023-05-09 00:50:01,0.63382,0.634
1364,2023-05-09 00:50:02,0.6338,0.63398
1365,2023-05-09 00:50:02,0.63379,0.63397
1366,2023-05-09 00:50:05,0.63381,0.63399
1367,2023-05-09 00:50:30,0.63378,0.63396
1368,2023-05-09 00:50:30,0.63377,0.63395
1369,2023-05-09 00:50:32,0.63378,0.63396
1370,2023-05-09 00:50:33,0.63379,0.63397
1371,2023-05-09 00:50:33,0.63377,0.63395
1372,2023-05-09 00:50:34,0.63376,0.63394
1373,2023-05-09 00:50:34,0.63375,0.63393
1374,2023-05-09 00:50:35,0.6337,0.63388
1375,2023-05-09 00:50:35,0.63366,0.63384
1376,2023-05-09 00:50:35,0.63365,0.63383
1377,2023-05-09 00:50:39,0.63366,0.63384
1378,2023-05-09 00:50:41,0.63367,0.63385
1379,2023-05-09 00:50:42,0.63368,0.63386
1380,2023-05-09 00:50:45,0.63373,0.63391
1381,2023-05-09 00:50:45,0.63374,0.63392
1382,2023-05-09 00:50:45,0.63376,0.63394
1383,2023-05-09 00:50:48,0.63377,0.63395
1384,2023-05-09 00:50:52,0.63381,0.63399
1385,2023-05-09 00:50:52,0.6338,0.63398
1386,2023-05-09 00:50:59,0.63381,0.63399
1387,2023-05-09 00:51:00,0.63381,0.63399
1388,2023-05-09 00:51:04,0.63382,0.634
1389,2023-05-09 00:51:05,0.63384,0.63402
1390,2023-05-09 00:51:11,0.63386,0.63404
1391,2023-05-09 00:51:11,0.63387,0.63405
1392,2023-05-09 00:51:13,0.63386,0.63404
1393,2023-05-09 00:51:18,0.63387,0.63405
1394,2023-05-09 00:51:19,0.63386,0.63404
1395,2023-05-09 00:51:23,0.63385,0.63403
1396,2023-05-09 00:51:28,0.63386,0.63404
1397,2023-05-09 00:51:30,0.63385,0.63403
1398,2023-05-09 00:51:31,0.63386,0.63404
1399,2023-05-09 00:51:33,0.63385,0.63403
1400,2023-05-09 00:51:34,0.63386,0.63404
1401,2023-05-09 00:51:37,0.63387,0.63405
1402,2023-05-09 00:51:40,0.63389,0.63407
1403,2023-05-09 00:51:41,0.6339,0.63408
1404,2023-05-09 00:51:41,0.63391,0.63409
1405,2023-05-09 00:51:43,0.6339,0.63408
1406,2023-05-09 00:51:43,0.63389,0.63407
1407,2023-05-09 00:51:43,0.63387,0.63405
1408,2023-05-09 00:51:43,0.63386,0.63404
1409,2023-05-09 00:51:44,0.63384,0.63402
1410,2023-05-09 00:51:47,0.63383,0.63401
1411,2023-05-09 00:51:59,0.63382,0.634
1412,2023-05-09 00:52:00,0.63382,0.634
1413,2023-05-09 00:52:00,0.63381,0.63399
1414,2023-05-09 00:52:05,0.63382,0.634
1415,2023-05-09 00:52:09,0.63383,0.63401
1416,2023-05-09 00:52:19,0.63382,0.634
1417,2023-05-09 00:52:20,0.63376,0.63394
1418,2023-05-09 00:52:22,0.6338,0.63398
1419,2023-05-09 00:52:23,0.63379,0.63397
1420,2023-05-09 00:52:31,0.6338,0.63398
1421,2023-05-09 00:52:32,0.63379,0.63397
1422,2023-05-09 00:52:37,0.63378,0.63396
1423,2023-05-09 00:52:44,0.63379,0.63397
1424,2023-05-09 00:52:44,0.6338,0.63398
1425,2023-05-09 00:52:54,0.63381,0.63399
1426,2023-05-09 00:52:54,0.6338,0.63398
1427,2023-05-09 00:52:55,0.63379,0.63397
1428,2023-05-09 00:52:56,0.6338,0.63398
1429,2023-05-09 00:52:57,0.63379,0.63397
1430,2023-05-09 00:52:59,0.6338,0.63398
1431,2023-05-09 00:53:00,0.6338,0.63398
1432,2023-05-09 00:53:00,0.63381,0.63399
1433,2023-05-09 00:53:01,0.63379,0.63397
1434,2023-05-09 00:53:03,0.63378,0.63396
1435,2023-05-09 00:53:06,0.63377,0.63395
1436,2023-05-09 00:53:08,0.63376,0.63394
1437,2023-05-09 00:53:09,0.63377,0.63395
1438,2023-05-09 00:53:11,0.63376,0.63394
1439,2023-05-09 00:53:24,0.63377,0.63395
1440,2023-05-09 00:53:24,0.63376,0.63394
1441,2023-05-09 00:53:25,0.63377,0.63395
1442,2023-05-09 00:53:30,0.63376,0.63394
1443,2023-05-09 00:53:38,0.63377,0.63395
1444,2023-05-09 00:53:38,0.63378,0.63396
1445,2023-05-09 00:53:42,0.63377,0.63395
1446,2023-05-09 00:53:42,0.63378,0.63396
1447,2023-05-09 00:53:43,0.63377,0.63395
1448,2023-05-09 00:53:43,0.6338,0.63398
1449,2023-05-09 00:53:43,0.63381,0.63399
1450,2023-05-09 00:53:51,0.6338,0.63398
1451,2023-05-09 00:54:00,0.6338,0.63398
1452,2023-05-09 00:54:01,0.63379,0.63397
1453,2023-05-09 00:54:02,0.6338,0.63398
1454,2023-05-09 00:54:04,0.63379,0.63397
1455,2023-05-09 00:54:11,0.63375,0.63393
1456,2023-05-09 00:54:14,0.63377,0.63395
1457,2023-05-09 00:54:14,0.63376,0.63394
1458,2023-05-09 00:54:16,0.63372,0.6339
1459,2023-05-09 00:54:16,0.63373,0.63391
1460,2023-05-09 00:54:17,0.63375,0.63393
1461,2023-05-09 00:54:17,0.63374,0.63392
1462,2023-05-09 00:54:21,0.63372,0.6339
1463,2023-05-09 00:54:26,0.63373,0.63391
1464,2023-05-09 00:54:27,0.63372,0.6339
1465,2023-05-09 00:54:31,0.63373,0.63391
1466,2023-05-09 00:54:36,0.63375,0.63393
1467,2023-05-09 00:54:36,0.63374,0.63392
1468,2023-05-09 00:54:40,0.63373,0.63391
1469,2023-05-09 00:54:41,0.63374,0.63392
1470,2023-05-09 00:54:43,0.63373,0.63391
1471,2023-05-09 00:54:44,0.63374,0.63392
1472,2023-05-09 00:54:44,0.63373,0.63391
1473,2023-05-09 00:54:46,0.63372,0.6339
1474,2023-05-09 00:54:47,0.63373,0.63391
1475,2023-05-09 00:54:47,0.63372,0.6339
1476,2023-05-09 00:54:47,0.63371,0.63389
1477,2023-05-09 00:54:49,0.6337,0.63388
1478,2023-05-09 00:54:52,0.63371,0.63389
1479,2023-05-09 00:54:53,0.63372,0.6339
1480,2023-05-09 00:54:53,0.6337,0.63388
1481,2023-05-09 00:54:54,0.63371,0.63389
1482,2023-05-09 00:54:54,0.6337,0.63388
1483,2023-05-09 00:54:57,0.63373,0.63391
1484,2023-05-09 00:54:57,0.63372,0.6339
1485,2023-05-09 00:54:59,0.6337,0.63388
1486,2023-05-09 00:55:00,0.63361,0.63379
1487,2023-05-09 00:55:00,0.63357,0.63375
1488,2023-05-09 00:55:00,0.63359,0.63377
1489,2023-05-09 00:55:00,0.63361,0.63379
1490,2023-05-09 00:55:01,0.63362,0.6338
1491,2023-05-09 00:55:02,0.63359,0.63377
1492,2023-05-09 00:55:02,0.63358,0.63376
1493,2023-05-09 00:55:03,0.63359,0.63377
1494,2023-05-09 00:55:05,0.63364,0.63382
1495,2023-05-09 00:55:05,0.63363,0.63381
1496,2023-05-09 00:55:06,0.63366,0.63384
1497,2023-05-09 00:55:06,0.63367,0.63385
1498,2023-05-09 00:55:07,0.63368,0.63386
1499,2023-05-09 00:55:10,0.63367,0.63385
1500,2023-05-09 00:55:10,0.63366,0.63384
1501,2023-05-09 00:55:10,0.63365,0.63383
1502,2023-05-09 00:55:16,0.63367,0.63385
1503,2023-05-09 00:55:16,0.63366,0.63384
1504,2023-05-09 00:55:17,0.63367,0.63385
1505,2023-05-09 00:55:19,0.63366,0.63384
1506,2023-05-09 00:55:21,0.63367,0.63385
1507,2023-05-09 00:55:22,0.63366,0.63384
1508,2023-05-09 00:55:24,0.63369,0.63387
1509,2023-05-09 00:55:36,0.63362,0.6338
1510,2023-05-09 00:55:36,0.63359,0.63377
1511,2023-05-09 00:55:38,0.63358,0.63376
1512,2023-05-09 00:55:39,0.63351,0.63369
1513,2023-05-09 00:55:39,0.63352,0.6337
1514,2023-05-09 00:55:40,0.63351,0.63369
1515,2023-05-09 00:55:40,0.63354,0.63372
1516,2023-05-09 00:55:41,0.63352,0.6337
1517,2023-05-09 00:55:41,0.63353,0.63371
1518,2023-05-09 00:55:42,0.63352,0.6337
1519,2023-05-09 00:55:44,0.63354,0.63372
1520,2023-05-09 00:55:49,0.63355,0.63373
1521,2023-05-09 00:56:00,0.63355,0.63373
1522,2023-05-09 00:56:00,0.63356,0.63374
1523,2023-05-09 00:56:00,0.63359,0.63377
1524,2023-05-09 00:56:01,0.6336,0.63378
1525,2023-05-09 00:56:02,0.63361,0.63379
1526,2023-05-09 00:56:02,0.63364,0.63382
1527,2023-05-09 00:56:05,0.63365,0.63383
1528,2023-05-09 00:56:06,0.63364,0.63382
1529,2023-05-09 00:56:10,0.63365,0.63383
1530,2023-05-09 00:56:11,0.63366,0.63384
1531,2023-05-09 00:56:11,0.63367,0.63385
1532,2023-05-09 00:56:12,0.63369,0.63387
1533,2023-05-09 00:56:12,0.63368,0.63386
1534,2023-05-09 00:56:13,0.63367,0.63385
1535,2023-05-09 00:56:15,0.63365,0.63383
1536,2023-05-09 00:56:16,0.63366,0.63384
1537,2023-05-09 00:56:18,0.63367,0.63385
1538,2023-05-09 00:56:18,0.63368,0.63386
1539,2023-05-09 00:56:23,0.63369,0.63387
1540,2023-05-09 00:56:26,0.63368,0.63386
1541,2023-05-09 00:56:27,0.63366,0.63384
1542,2023-05-09 00:56:29,0.63367,0.63385
1543,2023-05-09 00:56:31,0.63366,0.63384
1544,2023-05-09 00:56:33,0.63365,0.63383
1545,2023-05-09 00:56:33,0.63366,0.63384
1546,2023-05-09 00:56:37,0.63367,0.63385
1547,2023-05-09 00:56:41,0.63366,0.63384
1548,2023-05-09 00:56:42,0.63367,0.63385
1549,2023-05-09 00:56:47,0.63365,0.63383
1550,2023-05-09 00:56:52,0.63366,0.63384
1551,2023-05-09 00:56:53,0.63367,0.63385
1552,2023-05-09 00:56:54,0.63366,0.63384
1553,2023-05-09 00:56:55,0.63365,0.63383
1554,2023-05-09 00:56:57,0.63366,0.63384
1555,2023-05-09 00:57:00,0.63366,0.63384
1556,2023-05-09 00:57:02,0.63364,0.63382
1557,2023-05-09 00:57:03,0.63365,0.63383
1558,2023-05-09 00:57:07,0.63366,0.63384
1559,2023-05-09 00:57:11,0.63365,0.63383
1560,2023-05-09 00:57:20,0.63364,0.63382
1561,2023-05-09 00:57:22,0.63365,0.63383
1562,2023-05-09 00:57:24,0.63364,0.63382
1563,2023-05-09 00:57:35,0.63362,0.6338
1564,2023-05-09 00:57:38,0.63363,0.63381
1565,2023-05-09 00:57:38,0.63362,0.6338
1566,2023-05-09 00:57:39,0.63361,0.63379
1567,2023-05-09 00:57:39,0.63362,0.6338
1568,2023-05-09 00:57:47,0.63364,0.63382
1569,2023-05-09 00:57:48,0.63363,0.63381
1570,2023-05-09 00:57:48,0.63364,0.63382
1571,2023-05-09 00:57:50,0.63365,0.63383
1572,2023-05-09 00:57:55,0.63364,0.63382
1573,2023-05-09 00:57:57,0.63366,0.63384
1574,2023-05-09 00:58:00,0.63366,0.63384
1575,2023-05-09 00:58:00,0.63365,0.63383
1576,2023-05-09 00:58:00,0.63364,0.63382
1577,2023-05-09 00:58:01,0.63365,0.63383
1578,2023-05-09 00:58:02,0.63364,0.63382
1579,2023-05-09 00:58:03,0.63365,0.63383
1580,2023-05-09 00:58:04,0.63364,0.63382
1581,2023-05-09 00:58:10,0.63371,0.63389
1582,2023-05-09 00:58:10,0.63372,0.6339
1583,2023-05-09 00:58:10,0.63373,0.63391
1584,2023-05-09 00:58:10,0.63375,0.63393
1585,2023-05-09 00:58:17,0.63374,0.63392
1586,2023-05-09 00:58:19,0.63373,0.63391
1587,2023-05-09 00:58:19,0.63374,0.63392
1588,2023-05-09 00:58:26,0.63375,0.63393
1589,2023-05-09 00:58:27,0.63376,0.63394
1590,2023-05-09 00:58:28,0.63375,0.63393
1591,2023-05-09 00:58:30,0.63374,0.63392
1592,2023-05-09 00:58:32,0.63375,0.63393
1593,2023-05-09 00:58:32,0.63374,0.63392
1594,2023-05-09 00:58:36,0.63373,0.63391
1595,2023-05-09 00:58:41,0.63374,0.63392
1596,2023-05-09 00:58:42,0.63373,0.63391
1597,2023-05-09 00:58:47,0.63369,0.63387
1598,2023-05-09 00:58:48,0.63368,0.63386
1599,2023-05-09 00:58:48,0.63365,0.63383
1600,2023-05-09 00:58:49,0.63364,0.63382
1601,2023-05-09 00:58:49,0.63365,0.63383
1602,2023-05-09 00:58:50,0.63366,0.63384
1603,2023-05-09 00:58:51,0.63367,0.63385
1604,2023-05-09 00:58:51,0.63371,0.63389
1605,2023-05-09 00:58:51,0.63372,0.6339
1606,2023-05-09 00:58:52,0.6337,0.63388
1607,2023-05-09 00:59:00,0.6337,0.63388
1608,2023-05-09 00:59:02,0.63369,0.63387
1609,2023-05-09 00:59:04,0.6337,0.63388
1610,2023-05-09 00:59:06,0.63372,0.6339
1611,2023-05-09 00:59:07,0.63373,0.63391
1612,2023-05-09 00:59:07,0.63375,0.63393
1613,2023-05-09 00:59:12,0.63376,0.63394
1614,2023-05-09 00:59:13,0.63375,0.63393
1615,2023-05-09 00:59:15,0.63376,0.63394
1616,2023-05-09 00:59:15,0.63377,0.63395
1617,2023-05-09 00:59:21,0.63376,0.63394
1618,2023-05-09 00:59:21,0.63375,0.63393
1619,2023-05-09 00:59:21,0.63376,0.63394
1620,2023-05-09 00:59:23,0.63377,0.63395
1621,2023-05-09 00:59:26,0.63376,0.63394
1622,2023-05-09 00:59:34,0.63375,0.63393
1623,2023-05-09 00:59:35,0.63376,0.63394
1624,2023-05-09 00:59:37,0.63375,0.63393
1625,2023-05-09 00:59:38,0.63373,0.63391
1626,2023-05-09 00:59:42,0.63374,0.63392
1627,2023-05-09 00:59:42,0.63373,0.63391
1628,2023-05-09 00:59:45,0.63374,0.63392
1629,2023-05-09 00:59:52,0.63373,0.63391
1630,2023-05-09 00:59:54,0.63374,0.63392
1631,2023-05-09 00:59:54,0.63373,0.63391
1632,2023-05-09 00:59:55,0.63374,0.63392
1633,2023-05-09 00:59:56,0.63373,0.63391
1634,2023-05-09 00:59:57,0.63374,0.63392
1635,2023-05-09 01:00:00,0.63374,0.63392
1636,2023-05-09 01:00:00,0.63373,0.63391
1637,2023-05-09 01:00:07,0.63367,0.63385
1638,2023-05-09 01:00:07,0.63365,0.63383
1639,2023-05-09 01:00:10,0.63366,0.63384
1640,2023-05-09 01:00:14,0.63368,0.63386
1641,2023-05-09 01:00:16,0.63369,0.63387
1642,2023-05-09 01:00:18,0.6337,0.63388
1643,2023-05-09 01:00:20,0.63369,0.63387
1644,2023-05-09 01:00:23,0.6337,0.63388
1645,2023-05-09 01:00:26,0.63369,0.63387
1646,2023-05-09 01:00:28,0.63367,0.63385
1647,2023-05-09 01:00:29,0.63368,0.63386
1648,2023-05-09 01:00:31,0.63367,0.63385
1649,2023-05-09 01:00:32,0.63368,0.63386
1650,2023-05-09 01:00:38,0.63369,0.63387
1651,2023-05-09 01:00:42,0.63367,0.63385
1652,2023-05-09 01:00:46,0.63366,0.63384
1653,2023-05-09 01:00:46,0.63367,0.63385
1654,2023-05-09 01:00:47,0.63366,0.63384
1655,2023-05-09 01:00:53,0.63365,0.63383
1656,2023-05-09 01:00:59,0.63366,0.63384
1657,2023-05-09 01:01:00,0.63366,0.63384
1658,2023-05-09 01:01:00,0.63367,0.63385
1659,2023-05-09 01:01:02,0.63366,0.63384
1660,2023-05-09 01:01:03,0.63364,0.63382
1661,2023-05-09 01:01:04,0.63365,0.63383
1662,2023-05-09 01:01:05,0.63366,0.63384
1663,2023-05-09 01:01:10,0.63367,0.63385
1664,2023-05-09 01:01:12,0.63366,0.63384
1665,2023-05-09 01:01:16,0.63364,0.63382
1666,2023-05-09 01:01:18,0.63363,0.63381
1667,2023-05-09 01:01:18,0.63362,0.6338
1668,2023-05-09 01:01:24,0.63361,0.63379
1669,2023-05-09 01:01:26,0.63362,0.6338
1670,2023-05-09 01:01:31,0.63363,0.63381
1671,2023-05-09 01:01:31,0.63364,0.63382
1672,2023-05-09 01:01:32,0.63363,0.63381
1673,2023-05-09 01:01:36,0.63362,0.6338
1674,2023-05-09 01:01:41,0.63361,0.63379
1675,2023-05-09 01:01:41,0.63362,0.6338
1676,2023-05-09 01:01:49,0.63363,0.63381
1677,2023-05-09 01:01:49,0.63364,0.63382
1678,2023-05-09 01:01:50,0.63363,0.63381
1679,2023-05-09 01:01:50,0.63364,0.63382
1680,2023-05-09 01:01:51,0.63365,0.63383
1681,2023-05-09 01:01:51,0.63364,0.63382
1682,2023-05-09 01:01:57,0.63365,0.63383
1683,2023-05-09 01:01:59,0.63366,0.63384
1684,2023-05-09 01:02:00,0.63366,0.63384
1685,2023-05-09 01:02:00,0.63367,0.63385
1686,2023-05-09 01:02:00,0.63366,0.63384
1687,2023-05-09 01:02:01,0.63369,0.63387
1688,2023-05-09 01:02:02,0.6337,0.63388
1689,2023-05-09 01:02:02,0.63368,0.63386
1690,2023-05-09 01:02:06,0.63367,0.63385
1691,2023-05-09 01:02:06,0.63368,0.63386
1692,2023-05-09 01:02:07,0.63367,0.63385
1693,2023-05-09 01:02:07,0.63368,0.63386
1694,2023-05-09 01:02:08,0.63367,0.63385
1695,2023-05-09 01:02:08,0.63368,0.63386
1696,2023-05-09 01:02:09,0.63367,0.63385
1697,2023-05-09 01:02:09,0.63366,0.63384
1698,2023-05-09 01:02:11,0.63365,0.63383
1699,2023-05-09 01:02:13,0.63366,0.63384
1700,2023-05-09 01:02:14,0.63365,0.63383
1701,2023-05-09 01:02:17,0.63366,0.63384
1702,2023-05-09 01:02:17,0.63365,0.63383
1703,2023-05-09 01:02:18,0.63364,0.63382
1704,2023-05-09 01:02:21,0.63365,0.63383
1705,2023-05-09 01:02:25,0.63364,0.63382
1706,2023-05-09 01:02:28,0.63365,0.63383
1707,2023-05-09 01:02:31,0.63367,0.63385
1708,2023-05-09 01:02:33,0.63368,0.63386
1709,2023-05-09 01:02:33,0.63367,0.63385
1710,2023-05-09 01:02:33,0.63368,0.63386
1711,2023-05-09 01:02:33,0.63369,0.63387
1712,2023-05-09 01:02:37,0.63368,0.63386
1713,2023-05-09 01:02:43,0.63369,0.63387
1714,2023-05-09 01:02:43,0.63371,0.63389
1715,2023-05-09 01:02:44,0.63372,0.6339
1716,2023-05-09 01:02:44,0.63373,0.63391
1717,2023-05-09 01:02:45,0.63374,0.63392
1718,2023-05-09 01:02:46,0.63373,0.63391
1719,2023-05-09 01:02:47,0.63374,0.63392
1720,2023-05-09 01:03:00,0.63374,0.63392
1721,2023-05-09 01:03:00,0.63373,0.63391
1722,2023-05-09 01:03:04,0.63374,0.63392
1723,2023-05-09 01:03:09,0.63375,0.63393
1724,2023-05-09 01:03:12,0.63374,0.63392
1725,2023-05-09 01:03:13,0.63373,0.63391
1726,2023-05-09 01:03:14,0.63376,0.63394
1727,2023-05-09 01:03:14,0.63377,0.63395
1728,2023-05-09 01:03:17,0.6338,0.63398
1729,2023-05-09 01:03:17,0.63381,0.63399
1730,2023-05-09 01:03:18,0.63382,0.634
1731,2023-05-09 01:03:19,0.63383,0.63401
1732,2023-05-09 01:03:19,0.63384,0.63402
1733,2023-05-09 01:03:26,0.63385,0.63403
1734,2023-05-09 01:03:29,0.63384,0.63402
1735,2023-05-09 01:03:30,0.63385,0.63403
1736,2023-05-09 01:03:47,0.63384,0.63402
1737,2023-05-09 01:04:00,0.63385,0.63403
1738,2023-05-09 01:04:03,0.63384,0.63402
1739,2023-05-09 01:04:04,0.63385,0.63403
1740,2023-05-09 01:04:09,0.63386,0.63404
1741,2023-05-09 01:04:10,0.63387,0.63405
1742,2023-05-09 01:04:23,0.63388,0.63406
1743,2023-05-09 01:04:25,0.63387,0.63405
1744,2023-05-09 01:04:25,0.63388,0.63406
1745,2023-05-09 01:04:26,0.63387,0.63405
1746,2023-05-09 01:04:39,0.63388,0.63406
1747,2023-05-09 01:04:44,0.63389,0.63407
1748,2023-05-09 01:04:50,0.63392,0.6341
1749,2023-05-09 01:04:50,0.63391,0.63409
1750,2023-05-09 01:04:51,0.63392,0.6341
1751,2023-05-09 01:04:52,0.63393,0.63411
1752,2023-05-09 01:04:55,0.63391,0.63409
1753,2023-05-09 01:04:55,0.6339,0.63408
1754,2023-05-09 01:04:56,0.63391,0.63409
1755,2023-05-09 01:04:58,0.63392,0.6341
1756,2023-05-09 01:04:58,0.63391,0.63409
1757,2023-05-09 01:04:59,0.63389,0.63407
1758,2023-05-09 01:04:59,0.63388,0.63406
1759,2023-05-09 01:05:00,0.63388,0.63406
1760,2023-05-09 01:05:08,0.63387,0.63405
1761,2023-05-09 01:05:08,0.6338,0.63398
1762,2023-05-09 01:05:08,0.63379,0.63397
1763,2023-05-09 01:05:09,0.63381,0.63399
1764,2023-05-09 01:05:09,0.6338,0.63398
1765,2023-05-09 01:05:15,0.63381,0.63399
1766,2023-05-09 01:05:16,0.63382,0.634
1767,2023-05-09 01:05:19,0.63383,0.63401
1768,2023-05-09 01:05:19,0.63382,0.634
1769,2023-05-09 01:05:22,0.63383,0.63401
1770,2023-05-09 01:05:24,0.63381,0.63399
1771,2023-05-09 01:05:24,0.63382,0.634
1772,2023-05-09 01:05:30,0.63381,0.63399
1773,2023-05-09 01:05:32,0.63382,0.634
1774,2023-05-09 01:05:32,0.63381,0.63399
1775,2023-05-09 01:05:37,0.63379,0.63397
1776,2023-05-09 01:05:38,0.6338,0.63398
1777,2023-05-09 01:05:43,0.63381,0.63399
1778,2023-05-09 01:05:43,0.63382,0.634
1779,2023-05-09 01:05:44,0.63381,0.63399
1780,2023-05-09 01:05:45,0.63382,0.634
1781,2023-05-09 01:05:45,0.63386,0.63404
1782,2023-05-09 01:05:48,0.63385,0.63403
1783,2023-05-09 01:05:49,0.63387,0.63405
1784,2023-05-09 01:05:56,0.63389,0.63407
1785,2023-05-09 01:05:57,0.63388,0.63406
1786,2023-05-09 01:06:00,0.63388,0.63406
1787,2023-05-09 01:06:01,0.63387,0.63405
1788,2023-05-09 01:06:04,0.6338,0.63398
1789,2023-05-09 01:06:05,0.63379,0.63397
1790,2023-05-09 01:06:07,0.63375,0.63393
1791,2023-05-09 01:06:08,0.63374,0.63392
1792,2023-05-09 01:06:10,0.63375,0.63393
1793,2023-05-09 01:06:10,0.63374,0.63392
1794,2023-05-09 01:06:11,0.63373,0.63391
1795,2023-05-09 01:06:14,0.63374,0.63392
1796,2023-05-09 01:06:20,0.63375,0.63393
1797,2023-05-09 01:06:23,0.63376,0.63394
1798,2023-05-09 01:06:27,0.63375,0.63393
1799,2023-05-09 01:06:29,0.63376,0.63394
1800,2023-05-09 01:06:29,0.63378,0.63396
1801,2023-05-09 01:06:30,0.63379,0.63397
1802,2023-05-09 01:06:33,0.6338,0.63398
1803,2023-05-09 01:07:00,0.6338,0.63398
1804,2023-05-09 01:07:13,0.63379,0.63397
1805,2023-05-09 01:07:19,0.63374,0.63392
1806,2023-05-09 01:07:20,0.63375,0.63393
1807,2023-05-09 01:07:24,0.63376,0.63394
1808,2023-05-09 01:07:24,0.63378,0.63396
1809,2023-05-09 01:07:27,0.63379,0.63397
1810,2023-05-09 01:07:27,0.6338,0.63398
1811,2023-05-09 01:07:29,0.63379,0.63397
1812,2023-05-09 01:07:30,0.6338,0.63398
1813,2023-05-09 01:07:33,0.63379,0.63397
1814,2023-05-09 01:07:40,0.6338,0.63398
1815,2023-05-09 01:07:42,0.63379,0.63397
1816,2023-05-09 01:07:43,0.6338,0.63398
1817,2023-05-09 01:07:45,0.63379,0.63397
1818,2023-05-09 01:07:52,0.63378,0.63396
1819,2023-05-09 01:08:00,0.63378,0.63396
1820,2023-05-09 01:08:01,0.63375,0.63393
1821,2023-05-09 01:08:01,0.63374,0.63392
1822,2023-05-09 01:08:02,0.63375,0.63393
1823,2023-05-09 01:08:02,0.63374,0.63392
1824,2023-05-09 01:08:07,0.63373,0.63391
1825,2023-05-09 01:08:08,0.63372,0.6339
1826,2023-05-09 01:08:10,0.63373,0.63391
1827,2023-05-09 01:08:11,0.63372,0.6339
1828,2023-05-09 01:08:14,0.63371,0.63389
1829,2023-05-09 01:08:14,0.63372,0.6339
1830,2023-05-09 01:08:17,0.63371,0.63389
1831,2023-05-09 01:08:17,0.63369,0.63387
1832,2023-05-09 01:08:19,0.6337,0.63388
1833,2023-05-09 01:08:19,0.63371,0.63389
1834,2023-05-09 01:08:20,0.63372,0.6339
1835,2023-05-09 01:08:20,0.63371,0.63389
1836,2023-05-09 01:08:20,0.6337,0.63388
1837,2023-05-09 01:08:21,0.63371,0.63389
1838,2023-05-09 01:08:22,0.63372,0.6339
1839,2023-05-09 01:08:22,0.63371,0.63389
1840,2023-05-09 01:08:25,0.63372,0.6339
1841,2023-05-09 01:08:25,0.63371,0.63389
1842,2023-05-09 01:08:26,0.63372,0.6339
1843,2023-05-09 01:08:26,0.63371,0.63389
1844,2023-05-09 01:08:27,0.63373,0.63391
1845,2023-05-09 01:08:27,0.63374,0.63392
1846,2023-05-09 01:08:28,0.63376,0.63394
1847,2023-05-09 01:08:30,0.63375,0.63393
1848,2023-05-09 01:08:32,0.63374,0.63392
1849,2023-05-09 01:08:32,0.63375,0.63393
1850,2023-05-09 01:08:42,0.63377,0.63395
1851,2023-05-09 01:08:43,0.63375,0.63393
1852,2023-05-09 01:08:46,0.63374,0.63392
1853,2023-05-09 01:08:47,0.63368,0.63386
1854,2023-05-09 01:08:47,0.63366,0.63384
1855,2023-05-09 01:08:48,0.63367,0.63385
1856,2023-05-09 01:08:48,0.63369,0.63387
1857,2023-05-09 01:08:48,0.6337,0.63388
1858,2023-05-09 01:08:51,0.63371,0.63389
1859,2023-05-09 01:08:51,0.63372,0.6339
1860,2023-05-09 01:08:52,0.63371,0.63389
1861,2023-05-09 01:08:53,0.6337,0.63388
1862,2023-05-09 01:08:55,0.63372,0.6339
1863,2023-05-09 01:08:56,0.63373,0.63391
1864,2023-05-09 01:08:56,0.63372,0.6339
1865,2023-05-09 01:08:58,0.63371,0.63389
1866,2023-05-09 01:08:58,0.6337,0.63388
1867,2023-05-09 01:09:00,0.63369,0.63387
1868,2023-05-09 01:09:04,0.6337,0.63388
1869,2023-05-09 01:09:06,0.63373,0.63391
1870,2023-05-09 01:09:07,0.63374,0.63392
1871,2023-05-09 01:09:09,0.63375,0.63393
1872,2023-05-09 01:09:10,0.63376,0.63394
1873,2023-05-09 01:09:12,0.63379,0.63397
1874,2023-05-09 01:09:12,0.63378,0.63396
1875,2023-05-09 01:09:15,0.63375,0.63393
1876,2023-05-09 01:09:15,0.63374,0.63392
1877,2023-05-09 01:09:19,0.63375,0.63393
1878,2023-05-09 01:09:21,0.63374,0.63392
1879,2023-05-09 01:09:21,0.63375,0.63393
1880,2023-05-09 01:09:22,0.63377,0.63395
1881,2023-05-09 01:09:23,0.63376,0.63394
1882,2023-05-09 01:09:23,0.63377,0.63395
1883,2023-05-09 01:09:24,0.63376,0.63394
1884,2023-05-09 01:09:26,0.63375,0.63393
1885,2023-05-09 01:09:27,0.63376,0.63394
1886,2023-05-09 01:09:27,0.63375,0.63393
1887,2023-05-09 01:09:27,0.63376,0.63394
1888,2023-05-09 01:09:29,0.63375,0.63393
1889,2023-05-09 01:09:31,0.63376,0.63394
1890,2023-05-09 01:09:32,0.63375,0.63393
1891,2023-05-09 01:09:34,0.63377,0.63395
1892,2023-05-09 01:09:35,0.63376,0.63394
1893,2023-05-09 01:09:36,0.63375,0.63393
1894,2023-05-09 01:09:39,0.63376,0.63394
1895,2023-05-09 01:09:43,0.63375,0.63393
1896,2023-05-09 01:09:47,0.63376,0.63394
1897,2023-05-09 01:09:58,0.63379,0.63397
1898,2023-05-09 01:10:00,0.63379,0.63397
1899,2023-05-09 01:10:09,0.6338,0.63398
1900,2023-05-09 01:10:10,0.63379,0.63397
1901,2023-05-09 01:10:19,0.63378,0.63396
1902,2023-05-09 01:10:20,0.63372,0.6339
1903,2023-05-09 01:10:21,0.63373,0.63391
1904,2023-05-09 01:10:21,0.63374,0.63392
1905,2023-05-09 01:10:21,0.63373,0.63391
1906,2023-05-09 01:10:22,0.63372,0.6339
1907,2023-05-09 01:10:23,0.63373,0.63391
1908,2023-05-09 01:10:26,0.63374,0.63392
1909,2023-05-09 01:10:29,0.63376,0.63394
1910,2023-05-09 01:10:30,0.63375,0.63393
1911,2023-05-09 01:10:34,0.63374,0.63392
1912,2023-05-09 01:10:34,0.63373,0.63391
1913,2023-05-09 01:10:35,0.63374,0.63392
1914,2023-05-09 01:10:37,0.63373,0.63391
1915,2023-05-09 01:10:42,0.63372,0.6339
1916,2023-05-09 01:10:42,0.63373,0.63391
1917,2023-05-09 01:10:47,0.63372,0.6339
1918,2023-05-09 01:10:50,0.63374,0.63392
1919,2023-05-09 01:10:52,0.63376,0.63394
1920,2023-05-09 01:10:52,0.63375,0.63393
1921,2023-05-09 01:10:55,0.63374,0.63392
1922,2023-05-09 01:10:56,0.63376,0.63394
1923,2023-05-09 01:10:58,0.63377,0.63395
1924,2023-05-09 01:10:59,0.63376,0.63394
1925,2023-05-09 01:11:00,0.63376,0.63394
1926,2023-05-09 01:11:01,0.63377,0.63395
1927,2023-05-09 01:11:01,0.63376,0.63394
1928,2023-05-09 01:11:02,0.63377,0.63395
1929,2023-05-09 01:11:02,0.63376,0.63394
1930,2023-05-09 01:11:03,0.63377,0.63395
1931,2023-05-09 01:11:03,0.63376,0.63394
1932,2023-05-09 01:11:04,0.63377,0.63395
1933,2023-05-09 01:11:04,0.63376,0.63394
1934,2023-05-09 01:11:06,0.63377,0.63395
1935,2023-05-09 01:11:08,0.63378,0.63396
1936,2023-05-09 01:11:10,0.63377,0.63395
1937,2023-05-09 01:11:17,0.63378,0.63396
1938,2023-05-09 01:11:21,0.6338,0.63398
1939,2023-05-09 01:11:26,0.63381,0.63399
1940,2023-05-09 01:11:35,0.6338,0.63398
1941,2023-05-09 01:11:36,0.63381,0.63399
1942,2023-05-09 01:11:36,0.63382,0.634
1943,2023-05-09 01:11:40,0.6338,0.63398
1944,2023-05-09 01:11:42,0.63375,0.63393
1945,2023-05-09 01:11:42,0.63374,0.63392
1946,2023-05-09 01:11:43,0.63372,0.6339
1947,2023-05-09 01:11:46,0.63373,0.63391
1948,2023-05-09 01:11:46,0.63372,0.6339
1949,2023-05-09 01:11:47,0.63368,0.63386
1950,2023-05-09 01:11:50,0.63371,0.63389
1951,2023-05-09 01:11:50,0.63367,0.63385
1952,2023-05-09 01:11:51,0.63368,0.63386
1953,2023-05-09 01:11:57,0.63367,0.63385
1954,2023-05-09 01:12:00,0.63368,0.63386
1955,2023-05-09 01:12:02,0.6337,0.63388
1956,2023-05-09 01:12:03,0.63369,0.63387
1957,2023-05-09 01:12:04,0.6337,0.63388
1958,2023-05-09 01:12:06,0.63371,0.63389
1959,2023-05-09 01:12:11,0.6337,0.63388
1960,2023-05-09 01:12:12,0.63372,0.6339
1961,2023-05-09 01:12:15,0.63373,0.63391
1962,2023-05-09 01:12:21,0.63375,0.63393
1963,2023-05-09 01:12:27,0.63376,0.63394
1964,2023-05-09 01:12:27,0.63377,0.63395
1965,2023-05-09 01:12:29,0.63378,0.63396
1966,2023-05-09 01:12:30,0.63377,0.63395
1967,2023-05-09 01:12:31,0.63378,0.63396
1968,2023-05-09 01:12:32,0.63377,0.63395
1969,2023-05-09 01:12:44,0.63378,0.63396
1970,2023-05-09 01:13:00,0.63378,0.63396
1971,2023-05-09 01:13:14,0.63383,0.63401
1972,2023-05-09 01:13:14,0.63384,0.63402
1973,2023-05-09 01:13:15,0.63383,0.63401
1974,2023-05-09 01:13:22,0.6338,0.63398
1975,2023-05-09 01:13:27,0.63381,0.63399
1976,2023-05-09 01:13:29,0.6338,0.63398
1977,2023-05-09 01:13:31,0.63381,0.63399
1978,2023-05-09 01:13:31,0.63382,0.634
1979,2023-05-09 01:13:33,0.63381,0.63399
1980,2023-05-09 01:13:35,0.63382,0.634
1981,2023-05-09 01:13:39,0.63381,0.63399
1982,2023-05-09 01:13:41,0.63382,0.634
1983,2023-05-09 01:13:41,0.63384,0.63402
1984,2023-05-09 01:13:41,0.63382,0.634
1985,2023-05-09 01:13:43,0.63378,0.63396
1986,2023-05-09 01:13:44,0.63379,0.63397
1987,2023-05-09 01:13:45,0.6338,0.63398
1988,2023-05-09 01:13:45,0.63379,0.63397
1989,2023-05-09 01:13:46,0.6338,0.63398
1990,2023-05-09 01:13:46,0.63381,0.63399
1991,2023-05-09 01:13:48,0.6338,0.63398
1992,2023-05-09 01:13:50,0.63379,0.63397
1993,2023-05-09 01:13:52,0.6338,0.63398
1994,2023-05-09 01:13:53,0.63381,0.63399
1995,2023-05-09 01:13:56,0.63382,0.634
1996,2023-05-09 01:13:56,0.63381,0.63399
1997,2023-05-09 01:13:56,0.63383,0.63401
1998,2023-05-09 01:13:57,0.63382,0.634
1999,2023-05-09 01:14:00,0.63383,0.63401
2000,2023-05-09 01:14:00,0.63382,0.634
2001,2023-05-09 01:14:01,0.63383,0.63401
2002,2023-05-09 01:14:01,0.63382,0.634
2003,2023-05-09 01:14:02,0.63383,0.63401
2004,2023-05-09 01:14:04,0.63382,0.634
2005,2023-05-09 01:14:04,0.63383,0.63401
2006,2023-05-09 01:14:05,0.63382,0.634
2007,2023-05-09 01:14:05,0.63383,0.63401
2008,2023-05-09 01:14:05,0.63384,0.63402
2009,2023-05-09 01:14:10,0.63387,0.63405
2010,2023-05-09 01:14:10,0.63386,0.63404
2011,2023-05-09 01:14:10,0.63387,0.63405
2012,2023-05-09 01:14:10,0.63386,0.63404
2013,2023-05-09 01:14:11,0.63383,0.63401
2014,2023-05-09 01:14:13,0.63384,0.63402
2015,2023-05-09 01:14:13,0.63383,0.63401
2016,2023-05-09 01:14:18,0.63382,0.634
2017,2023-05-09 01:14:18,0.63384,0.63402
2018,2023-05-09 01:14:20,0.63381,0.63399
2019,2023-05-09 01:14:20,0.63379,0.63397
2020,2023-05-09 01:14:24,0.63378,0.63396
2021,2023-05-09 01:14:25,0.63373,0.63391
2022,2023-05-09 01:14:26,0.63374,0.63392
2023,2023-05-09 01:14:29,0.63373,0.63391
2024,2023-05-09 01:14:31,0.63375,0.63393
2025,2023-05-09 01:14:34,0.63377,0.63395
2026,2023-05-09 01:14:34,0.63378,0.63396
2027,2023-05-09 01:14:41,0.63377,0.63395
2028,2023-05-09 01:14:42,0.63378,0.63396
2029,2023-05-09 01:14:44,0.63379,0.63397
2030,2023-05-09 01:14:56,0.63374,0.63392
2031,2023-05-09 01:15:00,0.63377,0.63395
2032,2023-05-09 01:15:00,0.63378,0.63396
2033,2023-05-09 01:15:00,0.63377,0.63395
2034,2023-05-09 01:15:00,0.63376,0.63394
2035,2023-05-09 01:15:01,0.63377,0.63395
2036,2023-05-09 01:15:01,0.63379,0.63397
2037,2023-05-09 01:15:02,0.63376,0.63394
2038,2023-05-09 01:15:02,0.63379,0.63397
2039,2023-05-09 01:15:03,0.63378,0.63396
2040,2023-05-09 01:15:04,0.6338,0.63398
2041,2023-05-09 01:15:05,0.63381,0.63399
2042,2023-05-09 01:15:05,0.63382,0.634
2043,2023-05-09 01:15:06,0.63384,0.63402
2044,2023-05-09 01:15:06,0.63383,0.63401
2045,2023-05-09 01:15:07,0.63382,0.634
2046,2023-05-09 01:15:10,0.63383,0.63401
2047,2023-05-09 01:15:10,0.63382,0.634
2048,2023-05-09 01:15:11,0.63381,0.63399
2049,2023-05-09 01:15:12,0.63382,0.634
2050,2023-05-09 01:15:13,0.63384,0.63402
2051,2023-05-09 01:15:13,0.63385,0.63403
2052,2023-05-09 01:15:13,0.63384,0.63402
2053,2023-05-09 01:15:15,0.63387,0.63405
2054,2023-05-09 01:15:17,0.63386,0.63404
2055,2023-05-09 01:15:21,0.63384,0.63402
2056,2023-05-09 01:15:21,0.63385,0.63403
2057,2023-05-09 01:15:22,0.63386,0.63404
2058,2023-05-09 01:15:22,0.63385,0.63403
2059,2023-05-09 01:15:23,0.63384,0.63402
2060,2023-05-09 01:15:23,0.63383,0.63401
2061,2023-05-09 01:15:27,0.63385,0.63403
2062,2023-05-09 01:15:27,0.63384,0.63402
2063,2023-05-09 01:15:28,0.63383,0.63401
2064,2023-05-09 01:15:30,0.63384,0.63402
2065,2023-05-09 01:15:30,0.63383,0.63401
2066,2023-05-09 01:15:30,0.63379,0.63397
2067,2023-05-09 01:15:31,0.63381,0.63399
2068,2023-05-09 01:15:32,0.63382,0.634
2069,2023-05-09 01:15:33,0.63381,0.63399
2070,2023-05-09 01:15:36,0.63379,0.63397
2071,2023-05-09 01:15:39,0.63381,0.63399
2072,2023-05-09 01:15:41,0.63379,0.63397
2073,2023-05-09 01:15:45,0.63381,0.63399
2074,2023-05-09 01:15:47,0.6338,0.63398
2075,2023-05-09 01:15:47,0.63381,0.63399
2076,2023-05-09 01:15:49,0.63382,0.634
2077,2023-05-09 01:15:51,0.63381,0.63399
2078,2023-05-09 01:15:52,0.63382,0.634
2079,2023-05-09 01:15:52,0.63381,0.63399
2080,2023-05-09 01:15:53,0.63382,0.634
2081,2023-05-09 01:15:53,0.63381,0.63399
2082,2023-05-09 01:15:56,0.63379,0.63397
2083,2023-05-09 01:15:56,0.6338,0.63398
2084,2023-05-09 01:15:56,0.63379,0.63397
2085,2023-05-09 01:15:57,0.63378,0.63396
2086,2023-05-09 01:15:59,0.63377,0.63395
2087,2023-05-09 01:16:00,0.63377,0.63395
2088,2023-05-09 01:16:00,0.63378,0.63396
2089,2023-05-09 01:16:01,0.63379,0.63397
2090,2023-05-09 01:16:03,0.63375,0.63393
2091,2023-05-09 01:16:03,0.63376,0.63394
2092,2023-05-09 01:16:04,0.63378,0.63396
2093,2023-05-09 01:16:05,0.63379,0.63397
2094,2023-05-09 01:16:08,0.6338,0.63398
2095,2023-05-09 01:16:08,0.63381,0.63399
2096,2023-05-09 01:16:08,0.6338,0.63398
2097,2023-05-09 01:16:11,0.63383,0.63401
2098,2023-05-09 01:16:11,0.63384,0.63402
2099,2023-05-09 01:16:14,0.63386,0.63404
2100,2023-05-09 01:16:15,0.63384,0.63402
2101,2023-05-09 01:16:17,0.63382,0.634
2102,2023-05-09 01:16:17,0.63379,0.63397
2103,2023-05-09 01:16:17,0.6338,0.63398
2104,2023-05-09 01:16:19,0.63381,0.63399
2105,2023-05-09 01:16:20,0.63382,0.634
2106,2023-05-09 01:16:22,0.63379,0.63397
2107,2023-05-09 01:16:22,0.6338,0.63398
2108,2023-05-09 01:16:27,0.63378,0.63396
2109,2023-05-09 01:16:29,0.63379,0.63397
2110,2023-05-09 01:16:29,0.6338,0.63398
2111,2023-05-09 01:16:32,0.63381,0.63399
2112,2023-05-09 01:16:32,0.63383,0.63401
2113,2023-05-09 01:16:32,0.63382,0.634
2114,2023-05-09 01:16:35,0.63383,0.63401
2115,2023-05-09 01:16:40,0.63382,0.634
2116,2023-05-09 01:16:40,0.63383,0.63401
2117,2023-05-09 01:16:40,0.63384,0.63402
2118,2023-05-09 01:16:41,0.63383,0.63401
2119,2023-05-09 01:16:42,0.63382,0.634
2120,2023-05-09 01:16:43,0.63381,0.63399
2121,2023-05-09 01:16:43,0.6338,0.63398
2122,2023-05-09 01:16:44,0.63378,0.63396
2123,2023-05-09 01:16:44,0.63377,0.63395
2124,2023-05-09 01:16:45,0.63379,0.63397
2125,2023-05-09 01:16:45,0.63378,0.63396
2126,2023-05-09 01:16:46,0.63377,0.63395
2127,2023-05-09 01:16:46,0.63376,0.63394
2128,2023-05-09 01:16:47,0.63378,0.63396
2129,2023-05-09 01:16:48,0.63377,0.63395
2130,2023-05-09 01:16:49,0.63378,0.63396
2131,2023-05-09 01:16:51,0.63379,0.63397
2132,2023-05-09 01:16:53,0.63378,0.63396
2133,2023-05-09 01:16:53,0.63377,0.63395
2134,2023-05-09 01:16:54,0.63378,0.63396
2135,2023-05-09 01:16:56,0.63377,0.63395
2136,2023-05-09 01:16:57,0.63376,0.63394
2137,2023-05-09 01:16:57,0.63374,0.63392
2138,2023-05-09 01:16:59,0.63373,0.63391
2139,2023-05-09 01:17:00,0.63373,0.63391
2140,2023-05-09 01:17:01,0.63374,0.63392
2141,2023-05-09 01:17:01,0.63376,0.63394
2142,2023-05-09 01:17:04,0.63377,0.63395
2143,2023-05-09 01:17:10,0.63378,0.63396
2144,2023-05-09 01:17:10,0.6338,0.63398
2145,2023-05-09 01:17:12,0.63379,0.63397
2146,2023-05-09 01:17:12,0.6338,0.63398
2147,2023-05-09 01:17:12,0.63379,0.63397
2148,2023-05-09 01:17:14,0.63377,0.63395
2149,2023-05-09 01:17:14,0.63379,0.63397
2150,2023-05-09 01:17:14,0.63378,0.63396
2151,2023-05-09 01:17:16,0.63377,0.63395
2152,2023-05-09 01:17:17,0.63378,0.63396
2153,2023-05-09 01:17:17,0.63377,0.63395
2154,2023-05-09 01:17:18,0.63378,0.63396
2155,2023-05-09 01:17:18,0.63377,0.63395
2156,2023-05-09 01:17:18,0.63378,0.63396
2157,2023-05-09 01:17:19,0.63377,0.63395
2158,2023-05-09 01:17:20,0.63378,0.63396
2159,2023-05-09 01:17:20,0.63377,0.63395
2160,2023-05-09 01:17:21,0.63376,0.63394
2161,2023-05-09 01:17:22,0.63378,0.63396
2162,2023-05-09 01:17:22,0.63377,0.63395
2163,2023-05-09 01:17:27,0.63378,0.63396
2164,2023-05-09 01:17:27,0.63377,0.63395
2165,2023-05-09 01:17:28,0.63375,0.63393
2166,2023-05-09 01:17:28,0.63376,0.63394
2167,2023-05-09 01:17:30,0.63375,0.63393
2168,2023-05-09 01:17:31,0.63376,0.63394
2169,2023-05-09 01:17:31,0.63375,0.63393
2170,2023-05-09 01:17:32,0.63376,0.63394
2171,2023-05-09 01:17:33,0.63377,0.63395
2172,2023-05-09 01:17:33,0.63376,0.63394
2173,2023-05-09 01:17:35,0.63374,0.63392
2174,2023-05-09 01:17:36,0.63373,0.63391
2175,2023-05-09 01:17:37,0.63374,0.63392
2176,2023-05-09 01:17:38,0.63375,0.63393
2177,2023-05-09 01:17:39,0.63374,0.63392
2178,2023-05-09 01:17:40,0.63369,0.63387
2179,2023-05-09 01:17:40,0.63368,0.63386
2180,2023-05-09 01:17:41,0.63369,0.63387
2181,2023-05-09 01:17:42,0.63368,0.63386
2182,2023-05-09 01:17:42,0.63369,0.63387
2183,2023-05-09 01:17:44,0.6337,0.63388
2184,2023-05-09 01:17:46,0.63369,0.63387
2185,2023-05-09 01:17:47,0.6337,0.63388
2186,2023-05-09 01:17:48,0.63371,0.63389
2187,2023-05-09 01:17:48,0.6337,0.63388
2188,2023-05-09 01:17:50,0.63369,0.63387
2189,2023-05-09 01:17:51,0.63368,0.63386
2190,2023-05-09 01:17:52,0.63369,0.63387
2191,2023-05-09 01:17:53,0.63371,0.63389
2192,2023-05-09 01:17:57,0.63373,0.63391
2193,2023-05-09 01:17:58,0.63375,0.63393
2194,2023-05-09 01:18:00,0.63374,0.63392
2195,2023-05-09 01:18:01,0.63375,0.63393
2196,2023-05-09 01:18:01,0.63374,0.63392
2197,2023-05-09 01:18:03,0.63375,0.63393
2198,2023-05-09 01:18:04,0.63374,0.63392
2199,2023-05-09 01:18:04,0.63375,0.63393
2200,2023-05-09 01:18:05,0.63374,0.63392
2201,2023-05-09 01:18:06,0.63373,0.63391
2202,2023-05-09 01:18:06,0.63372,0.6339
2203,2023-05-09 01:18:07,0.63373,0.63391
2204,2023-05-09 01:18:09,0.6337,0.63388
2205,2023-05-09 01:18:09,0.63368,0.63386
2206,2023-05-09 01:18:14,0.63369,0.63387
2207,2023-05-09 01:18:17,0.6337,0.63388
2208,2023-05-09 01:18:18,0.63373,0.63391
2209,2023-05-09 01:18:19,0.63375,0.63393
2210,2023-05-09 01:18:22,0.63376,0.63394
2211,2023-05-09 01:18:24,0.63375,0.63393
2212,2023-05-09 01:18:26,0.63374,0.63392
2213,2023-05-09 01:18:27,0.63375,0.63393
2214,2023-05-09 01:18:38,0.63374,0.63392
2215,2023-05-09 01:18:39,0.63368,0.63386
2216,2023-05-09 01:18:39,0.63367,0.63385
2217,2023-05-09 01:18:42,0.63368,0.63386
2218,2023-05-09 01:18:42,0.63367,0.63385
2219,2023-05-09 01:18:45,0.63368,0.63386
2220,2023-05-09 01:18:55,0.63367,0.63385
2221,2023-05-09 01:18:58,0.63369,0.63387
2222,2023-05-09 01:18:59,0.63368,0.63386
2223,2023-05-09 01:19:00,0.63368,0.63386
2224,2023-05-09 01:19:00,0.63369,0.63387
2225,2023-05-09 01:19:04,0.63368,0.63386
2226,2023-05-09 01:19:04,0.63369,0.63387
2227,2023-05-09 01:19:06,0.63371,0.63389
2228,2023-05-09 01:19:08,0.6337,0.63388
2229,2023-05-09 01:19:08,0.63371,0.63389
2230,2023-05-09 01:19:08,0.6337,0.63388
2231,2023-05-09 01:19:14,0.63369,0.63387
2232,2023-05-09 01:19:15,0.6337,0.63388
2233,2023-05-09 01:19:16,0.63369,0.63387
2234,2023-05-09 01:19:17,0.63372,0.6339
2235,2023-05-09 01:19:18,0.6337,0.63388
2236,2023-05-09 01:19:20,0.63371,0.63389
2237,2023-05-09 01:19:21,0.63372,0.6339
2238,2023-05-09 01:19:21,0.63371,0.63389
2239,2023-05-09 01:19:24,0.63372,0.6339
2240,2023-05-09 01:19:25,0.63371,0.63389
2241,2023-05-09 01:19:30,0.63372,0.6339
2242,2023-05-09 01:19:31,0.63371,0.63389
2243,2023-05-09 01:19:31,0.63372,0.6339
2244,2023-05-09 01:19:32,0.63371,0.63389
2245,2023-05-09 01:19:35,0.63372,0.6339
2246,2023-05-09 01:19:35,0.63371,0.63389
2247,2023-05-09 01:19:36,0.6337,0.63388
2248,2023-05-09 01:19:36,0.63369,0.63387
2249,2023-05-09 01:19:37,0.63368,0.63386
2250,2023-05-09 01:19:41,0.63367,0.63385
2251,2023-05-09 01:19:43,0.63368,0.63386
2252,2023-05-09 01:19:43,0.63367,0.63385
2253,2023-05-09 01:19:44,0.63368,0.63386
2254,2023-05-09 01:19:47,0.63367,0.63385
2255,2023-05-09 01:19:48,0.63363,0.63381
2256,2023-05-09 01:19:49,0.63362,0.6338
2257,2023-05-09 01:19:49,0.63363,0.63381
2258,2023-05-09 01:19:53,0.63364,0.63382
2259,2023-05-09 01:19:53,0.63363,0.63381
2260,2023-05-09 01:20:00,0.63363,0.63381
2261,2023-05-09 01:20:04,0.63362,0.6338
2262,2023-05-09 01:20:05,0.63363,0.63381
2263,2023-05-09 01:20:06,0.63364,0.63382
2264,2023-05-09 01:20:07,0.63363,0.63381
2265,2023-05-09 01:20:12,0.63364,0.63382
2266,2023-05-09 01:20:15,0.63362,0.6338
2267,2023-05-09 01:20:16,0.63363,0.63381
2268,2023-05-09 01:20:17,0.63364,0.63382
2269,2023-05-09 01:20:17,0.63362,0.6338
2270,2023-05-09 01:20:18,0.63363,0.63381
2271,2023-05-09 01:20:29,0.63362,0.6338
2272,2023-05-09 01:20:34,0.63361,0.63379
2273,2023-05-09 01:20:34,0.63357,0.63375
2274,2023-05-09 01:20:34,0.63358,0.63376
2275,2023-05-09 01:20:36,0.63357,0.63375
2276,2023-05-09 01:20:41,0.63356,0.63374
2277,2023-05-09 01:20:42,0.63351,0.63369
2278,2023-05-09 01:20:48,0.63353,0.63371
2279,2023-05-09 01:20:56,0.63354,0.63372
2280,2023-05-09 01:20:59,0.63355,0.63373
2281,2023-05-09 01:21:00,0.63355,0.63373
2282,2023-05-09 01:21:00,0.63357,0.63375
2283,2023-05-09 01:21:08,0.63356,0.63374
2284,2023-05-09 01:21:10,0.63351,0.63369
2285,2023-05-09 01:21:10,0.63352,0.6337
2286,2023-05-09 01:21:12,0.63354,0.63372
2287,2023-05-09 01:21:14,0.63353,0.63371
2288,2023-05-09 01:21:14,0.63354,0.63372
2289,2023-05-09 01:21:15,0.63352,0.6337
2290,2023-05-09 01:21:17,0.63351,0.63369
2291,2023-05-09 01:21:17,0.63352,0.6337
2292,2023-05-09 01:21:18,0.63349,0.63367
2293,2023-05-09 01:21:18,0.63351,0.63369
2294,2023-05-09 01:21:19,0.63352,0.6337
2295,2023-05-09 01:21:20,0.63351,0.63369
2296,2023-05-09 01:21:24,0.63353,0.63371
2297,2023-05-09 01:21:26,0.63352,0.6337
2298,2023-05-09 01:21:38,0.63353,0.63371
2299,2023-05-09 01:21:39,0.63352,0.6337
2300,2023-05-09 01:21:39,0.63351,0.63369
2301,2023-05-09 01:21:40,0.63352,0.6337
2302,2023-05-09 01:21:43,0.63351,0.63369
2303,2023-05-09 01:21:45,0.63349,0.63367
2304,2023-05-09 01:21:45,0.63348,0.63366
2305,2023-05-09 01:21:46,0.63349,0.63367
2306,2023-05-09 01:21:48,0.63348,0.63366
2307,2023-05-09 01:21:49,0.63349,0.63367
2308,2023-05-09 01:21:58,0.6335,0.63368
2309,2023-05-09 01:21:59,0.63349,0.63367
2310,2023-05-09 01:22:00,0.63349,0.63367
2311,2023-05-09 01:22:00,0.63348,0.63366
2312,2023-05-09 01:22:04,0.6335,0.63368
2313,2023-05-09 01:22:05,0.63349,0.63367
2314,2023-05-09 01:22:05,0.6335,0.63368
2315,2023-05-09 01:22:06,0.63349,0.63367
2316,2023-05-09 01:22:10,0.6335,0.63368
2317,2023-05-09 01:22:11,0.63353,0.63371
2318,2023-05-09 01:22:12,0.63354,0.63372
2319,2023-05-09 01:22:13,0.63353,0.63371
2320,2023-05-09 01:22:16,0.63352,0.6337
2321,2023-05-09 01:22:16,0.63349,0.63367
2322,2023-05-09 01:22:24,0.63351,0.63369
2323,2023-05-09 01:22:27,0.63352,0.6337
2324,2023-05-09 01:22:28,0.63351,0.63369
2325,2023-05-09 01:22:29,0.63352,0.6337
2326,2023-05-09 01:22:31,0.63351,0.63369
2327,2023-05-09 01:22:31,0.6335,0.63368
2328,2023-05-09 01:22:34,0.63352,0.6337
2329,2023-05-09 01:22:35,0.6335,0.63368
2330,2023-05-09 01:22:38,0.63349,0.63367
2331,2023-05-09 01:22:39,0.63348,0.63366
2332,2023-05-09 01:22:47,0.63349,0.63367
2333,2023-05-09 01:22:47,0.63348,0.63366
2334,2023-05-09 01:22:55,0.63347,0.63365
2335,2023-05-09 01:22:56,0.63346,0.63364
2336,2023-05-09 01:22:57,0.63347,0.63365
2337,2023-05-09 01:22:57,0.63345,0.63363
2338,2023-05-09 01:22:57,0.63344,0.63362
2339,2023-05-09 01:23:00,0.63344,0.63362
2340,2023-05-09 01:23:02,0.63343,0.63361
2341,2023-05-09 01:23:06,0.63342,0.6336
2342,2023-05-09 01:23:16,0.63343,0.63361
2343,2023-05-09 01:23:16,0.63346,0.63364
2344,2023-05-09 01:23:16,0.63348,0.63366
2345,2023-05-09 01:23:17,0.63347,0.63365
2346,2023-05-09 01:23:19,0.63351,0.63369
2347,2023-05-09 01:23:19,0.6335,0.63368
2348,2023-05-09 01:23:20,0.63349,0.63367
2349,2023-05-09 01:23:20,0.63351,0.63369
2350,2023-05-09 01:23:20,0.6335,0.63368
2351,2023-05-09 01:23:20,0.63349,0.63367
2352,2023-05-09 01:23:21,0.63348,0.63366
2353,2023-05-09 01:23:25,0.63349,0.63367
2354,2023-05-09 01:23:27,0.6335,0.63368
2355,2023-05-09 01:23:37,0.63351,0.63369
2356,2023-05-09 01:23:48,0.6335,0.63368
2357,2023-05-09 01:23:49,0.63349,0.63367
2358,2023-05-09 01:23:50,0.63346,0.63364
2359,2023-05-09 01:23:50,0.63344,0.63362
2360,2023-05-09 01:23:52,0.63345,0.63363
2361,2023-05-09 01:23:56,0.63348,0.63366
2362,2023-05-09 01:23:56,0.63347,0.63365
2363,2023-05-09 01:23:56,0.63346,0.63364
2364,2023-05-09 01:23:57,0.63345,0.63363
2365,2023-05-09 01:23:58,0.63344,0.63362
2366,2023-05-09 01:24:00,0.63344,0.63362
2367,2023-05-09 01:24:01,0.63343,0.63361
2368,2023-05-09 01:24:05,0.63344,0.63362
2369,2023-05-09 01:24:06,0.63346,0.63364
2370,2023-05-09 01:24:07,0.63347,0.63365
2371,2023-05-09 01:24:08,0.63346,0.63364
2372,2023-05-09 01:24:08,0.63347,0.63365
2373,2023-05-09 01:24:08,0.63346,0.63364
2374,2023-05-09 01:24:12,0.63345,0.63363
2375,2023-05-09 01:24:20,0.63346,0.63364
2376,2023-05-09 01:24:23,0.63347,0.63365
2377,2023-05-09 01:24:24,0.63346,0.63364
2378,2023-05-09 01:24:25,0.63347,0.63365
2379,2023-05-09 01:24:26,0.63346,0.63364
2380,2023-05-09 01:24:27,0.63345,0.63363
2381,2023-05-09 01:24:34,0.63347,0.63365
2382,2023-05-09 01:24:34,0.63348,0.63366
2383,2023-05-09 01:24:35,0.63347,0.63365
2384,2023-05-09 01:24:36,0.63345,0.63363
2385,2023-05-09 01:24:37,0.63344,0.63362
2386,2023-05-09 01:24:38,0.63343,0.63361
2387,2023-05-09 01:24:41,0.63344,0.63362
2388,2023-05-09 01:24:45,0.63343,0.63361
2389,2023-05-09 01:24:48,0.63342,0.6336
2390,2023-05-09 01:24:59,0.63343,0.63361
2391,2023-05-09 01:24:59,0.63342,0.6336
2392,2023-05-09 01:24:59,0.63343,0.63361
2393,2023-05-09 01:24:59,0.63342,0.6336
2394,2023-05-09 01:25:00,0.63343,0.63361
2395,2023-05-09 01:25:01,0.63345,0.63363
2396,2023-05-09 01:25:02,0.63346,0.63364
2397,2023-05-09 01:25:03,0.63347,0.63365
2398,2023-05-09 01:25:03,0.63349,0.63367
2399,2023-05-09 01:25:06,0.6335,0.63368
2400,2023-05-09 01:25:08,0.63351,0.63369
2401,2023-05-09 01:25:09,0.63352,0.6337
2402,2023-05-09 01:25:11,0.63351,0.63369
2403,2023-05-09 01:25:12,0.63352,0.6337
2404,2023-05-09 01:25:13,0.63357,0.63375
2405,2023-05-09 01:25:13,0.63358,0.63376
2406,2023-05-09 01:25:15,0.63364,0.63382
2407,2023-05-09 01:25:16,0.63367,0.63385
2408,2023-05-09 01:25:16,0.63368,0.63386
2409,2023-05-09 01:25:16,0.6337,0.63388
2410,2023-05-09 01:25:18,0.63369,0.63387
2411,2023-05-09 01:25:19,0.63368,0.63386
2412,2023-05-09 01:25:19,0.63367,0.63385
2413,2023-05-09 01:25:21,0.63369,0.63387
2414,2023-05-09 01:25:21,0.63368,0.63386
2415,2023-05-09 01:25:23,0.63369,0.63387
2416,2023-05-09 01:25:24,0.63368,0.63386
2417,2023-05-09 01:25:28,0.63369,0.63387
2418,2023-05-09 01:25:30,0.63373,0.63391
2419,2023-05-09 01:25:31,0.63374,0.63392
2420,2023-05-09 01:25:32,0.63376,0.63394
2421,2023-05-09 01:25:32,0.63377,0.63395
2422,2023-05-09 01:25:32,0.63376,0.63394
2423,2023-05-09 01:25:33,0.63374,0.63392
2424,2023-05-09 01:25:34,0.63373,0.63391
2425,2023-05-09 01:25:35,0.63374,0.63392
2426,2023-05-09 01:25:36,0.63365,0.63383
2427,2023-05-09 01:25:36,0.63362,0.6338
2428,2023-05-09 01:25:37,0.63361,0.63379
2429,2023-05-09 01:25:37,0.6336,0.63378
2430,2023-05-09 01:25:40,0.63359,0.63377
2431,2023-05-09 01:25:40,0.63358,0.63376
2432,2023-05-09 01:25:43,0.63359,0.63377
2433,2023-05-09 01:25:45,0.6336,0.63378
2434,2023-05-09 01:25:52,0.63362,0.6338
2435,2023-05-09 01:25:54,0.63361,0.63379
2436,2023-05-09 01:25:58,0.6336,0.63378
2437,2023-05-09 01:25:58,0.63359,0.63377
2438,2023-05-09 01:26:00,0.63359,0.63377
2439,2023-05-09 01:26:01,0.63361,0.63379
2440,2023-05-09 01:26:13,0.63362,0.6338
2441,2023-05-09 01:26:14,0.63363,0.63381
2442,2023-05-09 01:26:16,0.63361,0.63379
2443,2023-05-09 01:26:17,0.6336,0.63378
2444,2023-05-09 01:26:18,0.63358,0.63376
2445,2023-05-09 01:26:21,0.63355,0.63373
2446,2023-05-09 01:26:27,0.63356,0.63374
2447,2023-05-09 01:26:32,0.63355,0.63373
2448,2023-05-09 01:26:42,0.63354,0.63372
2449,2023-05-09 01:26:44,0.63349,0.63367
2450,2023-05-09 01:26:44,0.6335,0.63368
2451,2023-05-09 01:26:46,0.63351,0.63369
2452,2023-05-09 01:26:47,0.63352,0.6337
2453,2023-05-09 01:26:47,0.63353,0.63371
2454,2023-05-09 01:26:49,0.63352,0.6337
2455,2023-05-09 01:26:49,0.63353,0.63371
2456,2023-05-09 01:26:51,0.63351,0.63369
2457,2023-05-09 01:26:52,0.63352,0.6337
2458,2023-05-09 01:26:53,0.63353,0.63371
2459,2023-05-09 01:26:55,0.63354,0.63372
2460,2023-05-09 01:27:00,0.63354,0.63372
2461,2023-05-09 01:27:00,0.63355,0.63373
2462,2023-05-09 01:27:01,0.63354,0.63372
2463,2023-05-09 01:27:01,0.6336,0.63378
2464,2023-05-09 01:27:02,0.63362,0.6338
2465,2023-05-09 01:27:03,0.63359,0.63377
2466,2023-05-09 01:27:05,0.63358,0.63376
2467,2023-05-09 01:27:06,0.6336,0.63378
2468,2023-05-09 01:27:07,0.63361,0.63379
2469,2023-05-09 01:27:07,0.63362,0.6338
2470,2023-05-09 01:27:07,0.63363,0.63381
2471,2023-05-09 01:27:09,0.63362,0.6338
2472,2023-05-09 01:27:09,0.63363,0.63381
2473,2023-05-09 01:27:12,0.63362,0.6338
2474,2023-05-09 01:27:16,0.63363,0.63381
2475,2023-05-09 01:27:17,0.63362,0.6338
2476,2023-05-09 01:27:20,0.63363,0.63381
2477,2023-05-09 01:27:22,0.63362,0.6338
