,time,bid,ask
0,2023-05-09 00:00:00,0.8899,0.89006
1,2023-05-09 00:00:01,0.88992,0.89008
2,2023-05-09 00:00:01,0.8899,0.89006
3,2023-05-09 00:00:04,0.88989,0.89005
4,2023-05-09 00:00:08,0.88987,0.89003
5,2023-05-09 00:00:09,0.88988,0.89004
6,2023-05-09 00:00:10,0.88989,0.89005
7,2023-05-09 00:00:10,0.8899,0.89006
8,2023-05-09 00:00:11,0.88991,0.89007
9,2023-05-09 00:00:12,0.8899,0.89006
10,2023-05-09 00:00:21,0.88988,0.89004
11,2023-05-09 00:00:23,0.88987,0.89003
12,2023-05-09 00:00:24,0.88993,0.89009
13,2023-05-09 00:00:25,0.8899,0.89006
14,2023-05-09 00:00:25,0.88989,0.89005
15,2023-05-09 00:00:26,0.8899,0.89006
16,2023-05-09 00:00:27,0.88991,0.89007
17,2023-05-09 00:00:30,0.88992,0.89008
18,2023-05-09 00:00:30,0.88993,0.89009
19,2023-05-09 00:00:31,0.88994,0.8901
20,2023-05-09 00:00:31,0.88993,0.89009
21,2023-05-09 00:00:31,0.88994,0.8901
22,2023-05-09 00:00:32,0.88995,0.89011
23,2023-05-09 00:00:32,0.88994,0.8901
24,2023-05-09 00:00:32,0.88993,0.89009
25,2023-05-09 00:00:39,0.88994,0.8901
26,2023-05-09 00:00:42,0.88995,0.89011
27,2023-05-09 00:00:42,0.88993,0.89009
28,2023-05-09 00:00:42,0.88994,0.8901
29,2023-05-09 00:00:44,0.88995,0.89011
30,2023-05-09 00:00:44,0.88996,0.89012
31,2023-05-09 00:00:44,0.88995,0.89011
32,2023-05-09 00:00:45,0.88997,0.89013
33,2023-05-09 00:00:48,0.88998,0.89014
34,2023-05-09 00:00:50,0.88997,0.89013
35,2023-05-09 00:00:50,0.88998,0.89014
36,2023-05-09 00:00:50,0.88997,0.89013
37,2023-05-09 00:00:52,0.88998,0.89014
38,2023-05-09 00:00:53,0.88997,0.89013
39,2023-05-09 00:00:55,0.88996,0.89012
40,2023-05-09 00:00:55,0.88997,0.89013
41,2023-05-09 00:01:00,0.88997,0.89013
42,2023-05-09 00:01:00,0.88996,0.89012
43,2023-05-09 00:01:00,0.88997,0.89013
44,2023-05-09 00:01:01,0.88998,0.89014
45,2023-05-09 00:01:01,0.88997,0.89013
46,2023-05-09 00:01:02,0.88998,0.89014
47,2023-05-09 00:01:05,0.88997,0.89013
48,2023-05-09 00:01:10,0.88996,0.89012
49,2023-05-09 00:01:11,0.88994,0.8901
50,2023-05-09 00:01:12,0.88996,0.89012
51,2023-05-09 00:01:14,0.88994,0.8901
52,2023-05-09 00:01:18,0.88993,0.89009
53,2023-05-09 00:01:20,0.88994,0.8901
54,2023-05-09 00:01:20,0.88996,0.89012
55,2023-05-09 00:01:21,0.88997,0.89013
56,2023-05-09 00:01:22,0.88996,0.89012
57,2023-05-09 00:01:43,0.88995,0.89011
58,2023-05-09 00:01:45,0.88996,0.89012
59,2023-05-09 00:01:48,0.89004,0.8902
60,2023-05-09 00:01:50,0.89003,0.89019
61,2023-05-09 00:01:52,0.89004,0.8902
62,2023-05-09 00:01:53,0.89005,0.89021
63,2023-05-09 00:01:53,0.89004,0.8902
64,2023-05-09 00:01:54,0.89005,0.89021
65,2023-05-09 00:01:54,0.89004,0.8902
66,2023-05-09 00:01:56,0.89005,0.89021
67,2023-05-09 00:02:00,0.89007,0.89023
68,2023-05-09 00:02:00,0.89006,0.89022
69,2023-05-09 00:02:11,0.89005,0.89021
70,2023-05-09 00:02:12,0.89006,0.89022
71,2023-05-09 00:02:13,0.89005,0.89021
72,2023-05-09 00:02:15,0.89007,0.89023
73,2023-05-09 00:02:29,0.89006,0.89022
74,2023-05-09 00:02:33,0.89005,0.89021
75,2023-05-09 00:02:37,0.89007,0.89023
76,2023-05-09 00:02:44,0.89008,0.89024
77,2023-05-09 00:02:44,0.89012,0.89028
78,2023-05-09 00:02:44,0.89011,0.89027
79,2023-05-09 00:02:51,0.8901,0.89026
80,2023-05-09 00:02:53,0.89011,0.89027
81,2023-05-09 00:02:54,0.89016,0.89032
82,2023-05-09 00:02:54,0.89019,0.89035
83,2023-05-09 00:02:54,0.89018,0.89034
84,2023-05-09 00:02:55,0.89016,0.89032
85,2023-05-09 00:02:55,0.89017,0.89033
86,2023-05-09 00:02:58,0.89016,0.89032
87,2023-05-09 00:02:59,0.89017,0.89033
88,2023-05-09 00:03:00,0.89017,0.89033
89,2023-05-09 00:03:01,0.89018,0.89034
90,2023-05-09 00:03:06,0.89017,0.89033
91,2023-05-09 00:03:07,0.89018,0.89034
92,2023-05-09 00:03:07,0.89017,0.89033
93,2023-05-09 00:03:08,0.89016,0.89032
94,2023-05-09 00:03:12,0.89017,0.89033
95,2023-05-09 00:03:15,0.89018,0.89034
96,2023-05-09 00:03:15,0.89017,0.89033
97,2023-05-09 00:03:16,0.89018,0.89034
98,2023-05-09 00:03:16,0.89017,0.89033
99,2023-05-09 00:03:16,0.89018,0.89034
100,2023-05-09 00:03:17,0.89017,0.89033
101,2023-05-09 00:03:21,0.89018,0.89034
102,2023-05-09 00:03:22,0.89019,0.89035
103,2023-05-09 00:03:22,0.8902,0.89036
104,2023-05-09 00:03:22,0.89022,0.89038
105,2023-05-09 00:03:24,0.89023,0.89039
106,2023-05-09 00:03:26,0.89022,0.89038
107,2023-05-09 00:03:30,0.89023,0.89039
108,2023-05-09 00:03:33,0.89024,0.8904
109,2023-05-09 00:03:35,0.89022,0.89038
110,2023-05-09 00:03:35,0.89024,0.8904
111,2023-05-09 00:03:36,0.89025,0.89041
112,2023-05-09 00:03:38,0.89026,0.89042
113,2023-05-09 00:03:42,0.89027,0.89043
114,2023-05-09 00:03:43,0.89026,0.89042
115,2023-05-09 00:03:45,0.89027,0.89043
116,2023-05-09 00:03:49,0.89028,0.89044
117,2023-05-09 00:03:50,0.8903,0.89046
118,2023-05-09 00:03:50,0.89034,0.8905
119,2023-05-09 00:03:51,0.89033,0.89049
120,2023-05-09 00:03:51,0.89034,0.8905
121,2023-05-09 00:03:51,0.89033,0.89049
122,2023-05-09 00:03:51,0.89034,0.8905
123,2023-05-09 00:03:52,0.89033,0.89049
124,2023-05-09 00:03:53,0.89034,0.8905
125,2023-05-09 00:03:53,0.89036,0.89052
126,2023-05-09 00:03:55,0.89035,0.89051
127,2023-05-09 00:03:58,0.89036,0.89052
128,2023-05-09 00:04:00,0.89036,0.89052
129,2023-05-09 00:04:02,0.89037,0.89053
130,2023-05-09 00:04:03,0.89036,0.89052
131,2023-05-09 00:04:04,0.89031,0.89047
132,2023-05-09 00:04:04,0.89032,0.89048
133,2023-05-09 00:04:04,0.89033,0.89049
134,2023-05-09 00:04:05,0.89032,0.89048
135,2023-05-09 00:04:05,0.89033,0.89049
136,2023-05-09 00:04:06,0.89035,0.89051
137,2023-05-09 00:04:12,0.89036,0.89052
138,2023-05-09 00:04:13,0.89037,0.89053
139,2023-05-09 00:04:13,0.89036,0.89052
140,2023-05-09 00:04:13,0.89037,0.89053
141,2023-05-09 00:04:15,0.89038,0.89054
142,2023-05-09 00:04:15,0.8904,0.89056
143,2023-05-09 00:04:15,0.89039,0.89055
144,2023-05-09 00:04:20,0.89038,0.89054
145,2023-05-09 00:04:20,0.89039,0.89055
146,2023-05-09 00:04:21,0.89038,0.89054
147,2023-05-09 00:04:24,0.89039,0.89055
148,2023-05-09 00:04:25,0.8904,0.89056
149,2023-05-09 00:04:26,0.89039,0.89055
150,2023-05-09 00:04:27,0.89038,0.89054
151,2023-05-09 00:04:27,0.89039,0.89055
152,2023-05-09 00:04:27,0.89038,0.89054
153,2023-05-09 00:04:28,0.89039,0.89055
154,2023-05-09 00:04:29,0.89038,0.89054
155,2023-05-09 00:04:31,0.89036,0.89052
156,2023-05-09 00:04:36,0.89035,0.89051
157,2023-05-09 00:04:37,0.89036,0.89052
158,2023-05-09 00:04:37,0.89035,0.89051
159,2023-05-09 00:04:38,0.89036,0.89052
160,2023-05-09 00:04:41,0.89038,0.89054
161,2023-05-09 00:04:47,0.89039,0.89055
162,2023-05-09 00:04:47,0.89038,0.89054
163,2023-05-09 00:04:48,0.89039,0.89055
164,2023-05-09 00:04:48,0.89038,0.89054
165,2023-05-09 00:04:51,0.89036,0.89052
166,2023-05-09 00:04:51,0.89037,0.89053
167,2023-05-09 00:04:53,0.89035,0.89051
168,2023-05-09 00:04:53,0.89036,0.89052
169,2023-05-09 00:04:54,0.89035,0.89051
170,2023-05-09 00:04:54,0.89034,0.8905
171,2023-05-09 00:04:55,0.89033,0.89049
172,2023-05-09 00:05:00,0.89033,0.89049
173,2023-05-09 00:05:04,0.89034,0.8905
174,2023-05-09 00:05:04,0.89033,0.89049
175,2023-05-09 00:05:09,0.89034,0.8905
176,2023-05-09 00:05:12,0.89035,0.89051
177,2023-05-09 00:05:12,0.89034,0.8905
178,2023-05-09 00:05:15,0.89035,0.89051
179,2023-05-09 00:05:18,0.89036,0.89052
180,2023-05-09 00:05:19,0.89035,0.89051
181,2023-05-09 00:05:22,0.89034,0.8905
182,2023-05-09 00:05:24,0.89035,0.89051
183,2023-05-09 00:05:26,0.89034,0.8905
184,2023-05-09 00:05:27,0.89033,0.89049
185,2023-05-09 00:05:27,0.89034,0.8905
186,2023-05-09 00:05:27,0.89033,0.89049
187,2023-05-09 00:05:27,0.89035,0.89051
188,2023-05-09 00:05:28,0.89034,0.8905
189,2023-05-09 00:05:28,0.89035,0.89051
190,2023-05-09 00:05:30,0.89036,0.89052
191,2023-05-09 00:05:30,0.89035,0.89051
192,2023-05-09 00:05:31,0.89036,0.89052
193,2023-05-09 00:05:38,0.89035,0.89051
194,2023-05-09 00:05:38,0.89036,0.89052
195,2023-05-09 00:05:38,0.89035,0.89051
196,2023-05-09 00:05:39,0.89034,0.8905
197,2023-05-09 00:05:42,0.89035,0.89051
198,2023-05-09 00:05:43,0.89034,0.8905
199,2023-05-09 00:05:43,0.89035,0.89051
200,2023-05-09 00:05:43,0.89034,0.8905
201,2023-05-09 00:05:43,0.89035,0.89051
202,2023-05-09 00:05:44,0.89036,0.89052
203,2023-05-09 00:05:44,0.89035,0.89051
204,2023-05-09 00:05:49,0.89034,0.8905
205,2023-05-09 00:05:49,0.89035,0.89051
206,2023-05-09 00:05:51,0.89036,0.89052
207,2023-05-09 00:05:52,0.89035,0.89051
208,2023-05-09 00:05:52,0.89036,0.89052
209,2023-05-09 00:05:53,0.89035,0.89051
210,2023-05-09 00:05:53,0.89036,0.89052
211,2023-05-09 00:05:56,0.89035,0.89051
212,2023-05-09 00:05:56,0.89036,0.89052
213,2023-05-09 00:05:57,0.89035,0.89051
214,2023-05-09 00:05:57,0.89036,0.89052
215,2023-05-09 00:05:58,0.89035,0.89051
216,2023-05-09 00:05:58,0.89036,0.89052
217,2023-05-09 00:05:59,0.89035,0.89051
218,2023-05-09 00:05:59,0.89036,0.89052
219,2023-05-09 00:06:00,0.89035,0.89051
220,2023-05-09 00:06:00,0.89036,0.89052
221,2023-05-09 00:06:00,0.89035,0.89051
222,2023-05-09 00:06:01,0.89036,0.89052
223,2023-05-09 00:06:01,0.89035,0.89051
224,2023-05-09 00:06:01,0.89036,0.89052
225,2023-05-09 00:06:01,0.89035,0.89051
226,2023-05-09 00:06:02,0.89036,0.89052
227,2023-05-09 00:06:02,0.89035,0.89051
228,2023-05-09 00:06:03,0.89036,0.89052
229,2023-05-09 00:06:04,0.89035,0.89051
230,2023-05-09 00:06:04,0.89036,0.89052
231,2023-05-09 00:06:09,0.89038,0.89054
232,2023-05-09 00:06:11,0.89039,0.89055
233,2023-05-09 00:06:12,0.89038,0.89054
234,2023-05-09 00:06:21,0.89039,0.89055
235,2023-05-09 00:06:22,0.8904,0.89056
236,2023-05-09 00:06:25,0.89039,0.89055
237,2023-05-09 00:06:25,0.8904,0.89056
238,2023-05-09 00:06:25,0.89041,0.89057
239,2023-05-09 00:06:25,0.8904,0.89056
240,2023-05-09 00:06:33,0.89041,0.89057
241,2023-05-09 00:06:38,0.89042,0.89058
242,2023-05-09 00:06:38,0.89041,0.89057
243,2023-05-09 00:06:40,0.89042,0.89058
244,2023-05-09 00:06:40,0.8904,0.89056
245,2023-05-09 00:06:40,0.89042,0.89058
246,2023-05-09 00:06:51,0.89041,0.89057
247,2023-05-09 00:06:51,0.89042,0.89058
248,2023-05-09 00:06:56,0.89041,0.89057
249,2023-05-09 00:06:57,0.89042,0.89058
250,2023-05-09 00:07:00,0.89042,0.89058
251,2023-05-09 00:07:04,0.89041,0.89057
252,2023-05-09 00:07:05,0.89042,0.89058
253,2023-05-09 00:07:10,0.89041,0.89057
254,2023-05-09 00:07:12,0.89042,0.89058
255,2023-05-09 00:07:18,0.89043,0.89059
256,2023-05-09 00:07:24,0.89042,0.89058
257,2023-05-09 00:07:51,0.89041,0.89057
258,2023-05-09 00:08:00,0.89041,0.89057
259,2023-05-09 00:08:01,0.8904,0.89056
260,2023-05-09 00:08:01,0.89041,0.89057
261,2023-05-09 00:08:03,0.89042,0.89058
262,2023-05-09 00:08:03,0.89043,0.89059
263,2023-05-09 00:08:05,0.89042,0.89058
264,2023-05-09 00:08:15,0.89043,0.89059
265,2023-05-09 00:08:18,0.89042,0.89058
266,2023-05-09 00:08:19,0.89043,0.89059
267,2023-05-09 00:08:27,0.89042,0.89058
268,2023-05-09 00:08:32,0.89043,0.89059
269,2023-05-09 00:08:39,0.89042,0.89058
270,2023-05-09 00:08:47,0.89043,0.89059
271,2023-05-09 00:08:59,0.89044,0.8906
272,2023-05-09 00:08:59,0.89047,0.89063
273,2023-05-09 00:08:59,0.89048,0.89064
274,2023-05-09 00:09:00,0.89048,0.89064
275,2023-05-09 00:09:00,0.89047,0.89063
276,2023-05-09 00:09:00,0.89048,0.89064
277,2023-05-09 00:09:01,0.89051,0.89067
278,2023-05-09 00:09:01,0.89049,0.89065
279,2023-05-09 00:09:02,0.89053,0.89069
280,2023-05-09 00:09:05,0.89052,0.89068
281,2023-05-09 00:09:06,0.89053,0.89069
282,2023-05-09 00:09:08,0.89052,0.89068
283,2023-05-09 00:09:09,0.89053,0.89069
284,2023-05-09 00:09:09,0.89054,0.8907
285,2023-05-09 00:09:09,0.89055,0.89071
286,2023-05-09 00:09:10,0.89054,0.8907
287,2023-05-09 00:09:10,0.89055,0.89071
288,2023-05-09 00:09:14,0.89054,0.8907
289,2023-05-09 00:09:15,0.89055,0.89071
290,2023-05-09 00:09:16,0.89054,0.8907
291,2023-05-09 00:09:16,0.89055,0.89071
292,2023-05-09 00:09:17,0.89054,0.8907
293,2023-05-09 00:09:18,0.89062,0.89078
294,2023-05-09 00:09:19,0.89065,0.89081
295,2023-05-09 00:09:19,0.89066,0.89082
296,2023-05-09 00:09:19,0.89064,0.8908
297,2023-05-09 00:09:20,0.89065,0.89081
298,2023-05-09 00:09:20,0.89066,0.89082
299,2023-05-09 00:09:21,0.89065,0.89081
300,2023-05-09 00:09:22,0.89066,0.89082
301,2023-05-09 00:09:22,0.89065,0.89081
302,2023-05-09 00:09:33,0.89061,0.89077
303,2023-05-09 00:09:33,0.89062,0.89078
304,2023-05-09 00:09:34,0.89063,0.89079
305,2023-05-09 00:09:35,0.89062,0.89078
306,2023-05-09 00:09:36,0.89063,0.89079
307,2023-05-09 00:09:36,0.89061,0.89077
308,2023-05-09 00:09:37,0.89062,0.89078
309,2023-05-09 00:09:37,0.89063,0.89079
310,2023-05-09 00:09:37,0.89061,0.89077
311,2023-05-09 00:09:38,0.89062,0.89078
312,2023-05-09 00:09:38,0.89063,0.89079
313,2023-05-09 00:09:40,0.89062,0.89078
314,2023-05-09 00:09:40,0.89063,0.89079
315,2023-05-09 00:09:40,0.89065,0.89081
316,2023-05-09 00:09:45,0.89061,0.89077
317,2023-05-09 00:09:46,0.89062,0.89078
318,2023-05-09 00:09:46,0.89063,0.89079
319,2023-05-09 00:09:47,0.89062,0.89078
320,2023-05-09 00:09:47,0.89063,0.89079
321,2023-05-09 00:09:48,0.89062,0.89078
322,2023-05-09 00:09:48,0.89063,0.89079
323,2023-05-09 00:09:49,0.89062,0.89078
324,2023-05-09 00:09:49,0.89063,0.89079
325,2023-05-09 00:09:50,0.89062,0.89078
326,2023-05-09 00:09:50,0.89063,0.89079
327,2023-05-09 00:09:51,0.89062,0.89078
328,2023-05-09 00:09:52,0.89063,0.89079
329,2023-05-09 00:09:52,0.89064,0.8908
330,2023-05-09 00:09:52,0.89063,0.89079
331,2023-05-09 00:09:53,0.89064,0.8908
332,2023-05-09 00:09:53,0.89063,0.89079
333,2023-05-09 00:09:54,0.89064,0.8908
334,2023-05-09 00:09:55,0.89063,0.89079
335,2023-05-09 00:09:55,0.89064,0.8908
336,2023-05-09 00:09:55,0.89066,0.89082
337,2023-05-09 00:09:57,0.89062,0.89078
338,2023-05-09 00:09:57,0.89064,0.8908
339,2023-05-09 00:09:58,0.89068,0.89084
340,2023-05-09 00:09:58,0.89067,0.89083
341,2023-05-09 00:09:58,0.89066,0.89082
342,2023-05-09 00:09:59,0.89062,0.89078
343,2023-05-09 00:10:00,0.89062,0.89078
344,2023-05-09 00:10:03,0.89063,0.89079
345,2023-05-09 00:10:03,0.89062,0.89078
346,2023-05-09 00:10:04,0.89063,0.89079
347,2023-05-09 00:10:04,0.89062,0.89078
348,2023-05-09 00:10:05,0.89063,0.89079
349,2023-05-09 00:10:05,0.89062,0.89078
350,2023-05-09 00:10:06,0.89063,0.89079
351,2023-05-09 00:10:11,0.89062,0.89078
352,2023-05-09 00:10:11,0.89063,0.89079
353,2023-05-09 00:10:12,0.89062,0.89078
354,2023-05-09 00:10:12,0.89061,0.89077
355,2023-05-09 00:10:12,0.89062,0.89078
356,2023-05-09 00:10:13,0.89061,0.89077
357,2023-05-09 00:10:13,0.89063,0.89079
358,2023-05-09 00:10:14,0.89062,0.89078
359,2023-05-09 00:10:15,0.89063,0.89079
360,2023-05-09 00:10:18,0.89062,0.89078
361,2023-05-09 00:10:19,0.89063,0.89079
362,2023-05-09 00:10:19,0.89061,0.89077
363,2023-05-09 00:10:20,0.89063,0.89079
364,2023-05-09 00:10:20,0.89061,0.89077
365,2023-05-09 00:10:21,0.89063,0.89079
366,2023-05-09 00:10:21,0.89061,0.89077
367,2023-05-09 00:10:22,0.89063,0.89079
368,2023-05-09 00:10:22,0.89062,0.89078
369,2023-05-09 00:10:23,0.89063,0.89079
370,2023-05-09 00:10:24,0.89062,0.89078
371,2023-05-09 00:10:26,0.89065,0.89081
372,2023-05-09 00:10:26,0.89066,0.89082
373,2023-05-09 00:10:27,0.89065,0.89081
374,2023-05-09 00:10:28,0.89066,0.89082
375,2023-05-09 00:10:29,0.89062,0.89078
376,2023-05-09 00:10:29,0.89063,0.89079
377,2023-05-09 00:10:30,0.89061,0.89077
378,2023-05-09 00:10:30,0.89063,0.89079
379,2023-05-09 00:10:31,0.89061,0.89077
380,2023-05-09 00:10:31,0.89063,0.89079
381,2023-05-09 00:10:32,0.89061,0.89077
382,2023-05-09 00:10:35,0.89062,0.89078
383,2023-05-09 00:10:36,0.89063,0.89079
384,2023-05-09 00:10:36,0.89062,0.89078
385,2023-05-09 00:10:37,0.89064,0.8908
386,2023-05-09 00:10:39,0.89062,0.89078
387,2023-05-09 00:10:39,0.89064,0.8908
388,2023-05-09 00:10:40,0.89062,0.89078
389,2023-05-09 00:10:40,0.89063,0.89079
390,2023-05-09 00:10:40,0.89061,0.89077
391,2023-05-09 00:10:48,0.89058,0.89074
392,2023-05-09 00:10:48,0.8906,0.89076
393,2023-05-09 00:10:48,0.89059,0.89075
394,2023-05-09 00:10:58,0.89058,0.89074
395,2023-05-09 00:10:58,0.89059,0.89075
396,2023-05-09 00:11:00,0.89059,0.89075
397,2023-05-09 00:11:03,0.89056,0.89072
398,2023-05-09 00:11:04,0.89058,0.89074
399,2023-05-09 00:11:05,0.89057,0.89073
400,2023-05-09 00:11:05,0.89055,0.89071
401,2023-05-09 00:11:05,0.89054,0.8907
402,2023-05-09 00:11:06,0.89061,0.89077
403,2023-05-09 00:11:06,0.8906,0.89076
404,2023-05-09 00:11:07,0.89061,0.89077
405,2023-05-09 00:11:11,0.89056,0.89072
406,2023-05-09 00:11:13,0.89055,0.89071
407,2023-05-09 00:11:13,0.89056,0.89072
408,2023-05-09 00:11:15,0.89055,0.89071
409,2023-05-09 00:11:15,0.89056,0.89072
410,2023-05-09 00:11:16,0.89055,0.89071
411,2023-05-09 00:11:17,0.89056,0.89072
412,2023-05-09 00:11:18,0.89057,0.89073
413,2023-05-09 00:11:22,0.89055,0.89071
414,2023-05-09 00:11:23,0.89056,0.89072
415,2023-05-09 00:11:28,0.89057,0.89073
416,2023-05-09 00:11:31,0.89056,0.89072
417,2023-05-09 00:11:31,0.89057,0.89073
418,2023-05-09 00:11:37,0.89059,0.89075
419,2023-05-09 00:11:37,0.89058,0.89074
420,2023-05-09 00:11:37,0.89057,0.89073
421,2023-05-09 00:11:38,0.89058,0.89074
422,2023-05-09 00:11:39,0.89056,0.89072
423,2023-05-09 00:11:40,0.89057,0.89073
424,2023-05-09 00:11:40,0.89058,0.89074
425,2023-05-09 00:11:44,0.8906,0.89076
426,2023-05-09 00:11:45,0.89061,0.89077
427,2023-05-09 00:11:45,0.89062,0.89078
428,2023-05-09 00:11:46,0.89061,0.89077
429,2023-05-09 00:11:51,0.89059,0.89075
430,2023-05-09 00:11:52,0.8906,0.89076
431,2023-05-09 00:11:52,0.89055,0.89071
432,2023-05-09 00:11:52,0.89057,0.89073
433,2023-05-09 00:11:59,0.89053,0.89069
434,2023-05-09 00:11:59,0.89055,0.89071
435,2023-05-09 00:12:00,0.89055,0.89071
436,2023-05-09 00:12:00,0.89056,0.89072
437,2023-05-09 00:12:07,0.89058,0.89074
438,2023-05-09 00:12:08,0.89057,0.89073
439,2023-05-09 00:12:09,0.89058,0.89074
440,2023-05-09 00:12:16,0.89059,0.89075
441,2023-05-09 00:12:16,0.89058,0.89074
442,2023-05-09 00:12:16,0.89059,0.89075
443,2023-05-09 00:12:20,0.89057,0.89073
444,2023-05-09 00:12:21,0.89058,0.89074
445,2023-05-09 00:12:39,0.89059,0.89075
446,2023-05-09 00:12:48,0.89061,0.89077
447,2023-05-09 00:12:50,0.89062,0.89078
448,2023-05-09 00:12:51,0.89061,0.89077
449,2023-05-09 00:12:55,0.89062,0.89078
450,2023-05-09 00:12:58,0.89063,0.89079
451,2023-05-09 00:13:00,0.89062,0.89078
452,2023-05-09 00:13:05,0.89063,0.89079
453,2023-05-09 00:13:22,0.89062,0.89078
454,2023-05-09 00:13:24,0.89063,0.89079
455,2023-05-09 00:13:29,0.89062,0.89078
456,2023-05-09 00:13:39,0.89063,0.89079
457,2023-05-09 00:13:44,0.8907,0.89086
458,2023-05-09 00:13:44,0.89069,0.89085
459,2023-05-09 00:13:45,0.89068,0.89084
460,2023-05-09 00:13:48,0.89066,0.89082
461,2023-05-09 00:13:49,0.89069,0.89085
462,2023-05-09 00:13:49,0.89068,0.89084
463,2023-05-09 00:13:50,0.89067,0.89083
464,2023-05-09 00:13:51,0.89068,0.89084
465,2023-05-09 00:13:52,0.89067,0.89083
466,2023-05-09 00:13:53,0.89068,0.89084
467,2023-05-09 00:13:53,0.89067,0.89083
468,2023-05-09 00:13:53,0.89068,0.89084
469,2023-05-09 00:13:54,0.89069,0.89085
470,2023-05-09 00:14:00,0.89069,0.89085
471,2023-05-09 00:14:02,0.89068,0.89084
472,2023-05-09 00:14:03,0.89069,0.89085
473,2023-05-09 00:14:06,0.8907,0.89086
474,2023-05-09 00:14:06,0.89068,0.89084
475,2023-05-09 00:14:06,0.89069,0.89085
476,2023-05-09 00:14:07,0.89068,0.89084
477,2023-05-09 00:14:07,0.89069,0.89085
478,2023-05-09 00:14:09,0.8907,0.89086
479,2023-05-09 00:14:09,0.89069,0.89085
480,2023-05-09 00:14:10,0.89067,0.89083
481,2023-05-09 00:14:10,0.89066,0.89082
482,2023-05-09 00:14:25,0.89065,0.89081
483,2023-05-09 00:14:28,0.89067,0.89083
484,2023-05-09 00:14:29,0.89066,0.89082
485,2023-05-09 00:14:29,0.89067,0.89083
486,2023-05-09 00:14:29,0.89065,0.89081
487,2023-05-09 00:14:29,0.89066,0.89082
488,2023-05-09 00:14:31,0.89067,0.89083
489,2023-05-09 00:14:31,0.89066,0.89082
490,2023-05-09 00:14:31,0.89067,0.89083
491,2023-05-09 00:14:32,0.89066,0.89082
492,2023-05-09 00:14:35,0.89068,0.89084
493,2023-05-09 00:14:37,0.89069,0.89085
494,2023-05-09 00:14:38,0.8907,0.89086
495,2023-05-09 00:14:38,0.89069,0.89085
496,2023-05-09 00:14:41,0.89071,0.89087
497,2023-05-09 00:14:42,0.89072,0.89088
498,2023-05-09 00:14:47,0.89071,0.89087
499,2023-05-09 00:14:47,0.89072,0.89088
500,2023-05-09 00:14:54,0.89071,0.89087
501,2023-05-09 00:14:54,0.89072,0.89088
502,2023-05-09 00:14:55,0.89073,0.89089
503,2023-05-09 00:14:55,0.89071,0.89087
504,2023-05-09 00:14:57,0.8907,0.89086
505,2023-05-09 00:14:57,0.89069,0.89085
506,2023-05-09 00:15:00,0.89069,0.89085
507,2023-05-09 00:15:00,0.8907,0.89086
508,2023-05-09 00:15:01,0.89067,0.89083
509,2023-05-09 00:15:01,0.89068,0.89084
510,2023-05-09 00:15:02,0.89067,0.89083
511,2023-05-09 00:15:03,0.89066,0.89082
512,2023-05-09 00:15:04,0.89065,0.89081
513,2023-05-09 00:15:04,0.89064,0.8908
514,2023-05-09 00:15:07,0.89065,0.89081
515,2023-05-09 00:15:08,0.89068,0.89084
516,2023-05-09 00:15:10,0.89069,0.89085
517,2023-05-09 00:15:18,0.89066,0.89082
518,2023-05-09 00:15:20,0.89069,0.89085
519,2023-05-09 00:15:22,0.89068,0.89084
520,2023-05-09 00:15:23,0.89069,0.89085
521,2023-05-09 00:15:29,0.89068,0.89084
522,2023-05-09 00:15:32,0.89065,0.89081
523,2023-05-09 00:15:33,0.89066,0.89082
524,2023-05-09 00:15:34,0.89065,0.89081
525,2023-05-09 00:15:34,0.89064,0.8908
526,2023-05-09 00:15:35,0.89065,0.89081
527,2023-05-09 00:15:35,0.89066,0.89082
528,2023-05-09 00:15:35,0.89065,0.89081
529,2023-05-09 00:15:36,0.89066,0.89082
530,2023-05-09 00:15:36,0.89065,0.89081
531,2023-05-09 00:15:37,0.89066,0.89082
532,2023-05-09 00:15:37,0.89065,0.89081
533,2023-05-09 00:15:38,0.89066,0.89082
534,2023-05-09 00:15:38,0.89065,0.89081
535,2023-05-09 00:15:39,0.89066,0.89082
536,2023-05-09 00:15:40,0.89065,0.89081
537,2023-05-09 00:15:40,0.89066,0.89082
538,2023-05-09 00:15:41,0.89065,0.89081
539,2023-05-09 00:15:42,0.89066,0.89082
540,2023-05-09 00:15:43,0.89065,0.89081
541,2023-05-09 00:15:43,0.89066,0.89082
542,2023-05-09 00:15:44,0.89065,0.89081
543,2023-05-09 00:15:44,0.89067,0.89083
544,2023-05-09 00:15:45,0.89068,0.89084
545,2023-05-09 00:15:46,0.89067,0.89083
546,2023-05-09 00:15:49,0.89066,0.89082
547,2023-05-09 00:15:49,0.89067,0.89083
548,2023-05-09 00:15:49,0.89065,0.89081
549,2023-05-09 00:15:49,0.89066,0.89082
550,2023-05-09 00:15:50,0.89065,0.89081
551,2023-05-09 00:15:51,0.89067,0.89083
552,2023-05-09 00:15:52,0.89066,0.89082
553,2023-05-09 00:15:52,0.89067,0.89083
554,2023-05-09 00:15:53,0.89066,0.89082
555,2023-05-09 00:15:53,0.89067,0.89083
556,2023-05-09 00:15:54,0.89066,0.89082
557,2023-05-09 00:15:54,0.89067,0.89083
558,2023-05-09 00:15:57,0.89066,0.89082
559,2023-05-09 00:16:00,0.89066,0.89082
560,2023-05-09 00:16:00,0.89062,0.89078
561,2023-05-09 00:16:00,0.89063,0.89079
562,2023-05-09 00:16:01,0.89061,0.89077
563,2023-05-09 00:16:05,0.89064,0.8908
564,2023-05-09 00:16:05,0.89063,0.89079
565,2023-05-09 00:16:06,0.89061,0.89077
566,2023-05-09 00:16:06,0.89063,0.89079
567,2023-05-09 00:16:07,0.89064,0.8908
568,2023-05-09 00:16:07,0.89062,0.89078
569,2023-05-09 00:16:08,0.89061,0.89077
570,2023-05-09 00:16:08,0.89062,0.89078
571,2023-05-09 00:16:10,0.89064,0.8908
572,2023-05-09 00:16:11,0.89063,0.89079
573,2023-05-09 00:16:15,0.89062,0.89078
574,2023-05-09 00:16:15,0.89063,0.89079
575,2023-05-09 00:16:16,0.89061,0.89077
576,2023-05-09 00:16:17,0.89062,0.89078
577,2023-05-09 00:16:18,0.89061,0.89077
578,2023-05-09 00:16:19,0.89062,0.89078
579,2023-05-09 00:16:19,0.89061,0.89077
580,2023-05-09 00:16:20,0.89062,0.89078
581,2023-05-09 00:16:20,0.89061,0.89077
582,2023-05-09 00:16:21,0.89062,0.89078
583,2023-05-09 00:16:21,0.89058,0.89074
584,2023-05-09 00:16:21,0.89061,0.89077
585,2023-05-09 00:16:21,0.89062,0.89078
586,2023-05-09 00:16:25,0.89063,0.89079
587,2023-05-09 00:16:26,0.89062,0.89078
588,2023-05-09 00:16:27,0.89063,0.89079
589,2023-05-09 00:16:27,0.89062,0.89078
590,2023-05-09 00:16:28,0.89063,0.89079
591,2023-05-09 00:16:28,0.89062,0.89078
592,2023-05-09 00:16:29,0.89063,0.89079
593,2023-05-09 00:16:29,0.89062,0.89078
594,2023-05-09 00:16:31,0.89063,0.89079
595,2023-05-09 00:16:32,0.89062,0.89078
596,2023-05-09 00:16:32,0.89063,0.89079
597,2023-05-09 00:16:34,0.89064,0.8908
598,2023-05-09 00:16:34,0.89066,0.89082
599,2023-05-09 00:16:44,0.89067,0.89083
600,2023-05-09 00:16:46,0.89066,0.89082
601,2023-05-09 00:16:47,0.89068,0.89084
602,2023-05-09 00:16:57,0.89069,0.89085
603,2023-05-09 00:17:00,0.89069,0.89085
604,2023-05-09 00:17:00,0.8907,0.89086
605,2023-05-09 00:17:01,0.89069,0.89085
606,2023-05-09 00:17:03,0.89068,0.89084
607,2023-05-09 00:17:04,0.89069,0.89085
608,2023-05-09 00:17:08,0.89068,0.89084
609,2023-05-09 00:17:21,0.89067,0.89083
610,2023-05-09 00:17:22,0.89068,0.89084
611,2023-05-09 00:17:22,0.89067,0.89083
612,2023-05-09 00:17:22,0.89068,0.89084
613,2023-05-09 00:17:26,0.89066,0.89082
614,2023-05-09 00:17:27,0.89067,0.89083
615,2023-05-09 00:17:27,0.89068,0.89084
616,2023-05-09 00:17:33,0.89067,0.89083
617,2023-05-09 00:17:40,0.89068,0.89084
618,2023-05-09 00:17:42,0.89069,0.89085
619,2023-05-09 00:17:43,0.8907,0.89086
620,2023-05-09 00:17:45,0.89069,0.89085
621,2023-05-09 00:17:45,0.8907,0.89086
622,2023-05-09 00:17:46,0.89069,0.89085
623,2023-05-09 00:17:46,0.8907,0.89086
624,2023-05-09 00:17:47,0.89068,0.89084
625,2023-05-09 00:17:47,0.89067,0.89083
626,2023-05-09 00:17:50,0.89066,0.89082
627,2023-05-09 00:17:51,0.89065,0.89081
628,2023-05-09 00:17:52,0.89066,0.89082
629,2023-05-09 00:17:52,0.89065,0.89081
630,2023-05-09 00:17:53,0.89068,0.89084
631,2023-05-09 00:17:53,0.89069,0.89085
632,2023-05-09 00:17:56,0.89072,0.89088
633,2023-05-09 00:17:56,0.89074,0.8909
634,2023-05-09 00:17:58,0.89073,0.89089
635,2023-05-09 00:18:00,0.89073,0.89089
636,2023-05-09 00:18:03,0.8907,0.89086
637,2023-05-09 00:18:04,0.89071,0.89087
638,2023-05-09 00:18:05,0.8907,0.89086
639,2023-05-09 00:18:05,0.89071,0.89087
640,2023-05-09 00:18:06,0.8907,0.89086
641,2023-05-09 00:18:06,0.89071,0.89087
642,2023-05-09 00:18:08,0.89073,0.89089
643,2023-05-09 00:18:08,0.89069,0.89085
644,2023-05-09 00:18:08,0.8907,0.89086
645,2023-05-09 00:18:10,0.89069,0.89085
646,2023-05-09 00:18:10,0.8907,0.89086
647,2023-05-09 00:18:14,0.89069,0.89085
648,2023-05-09 00:18:14,0.8907,0.89086
649,2023-05-09 00:18:15,0.89069,0.89085
650,2023-05-09 00:18:21,0.89067,0.89083
651,2023-05-09 00:18:22,0.89066,0.89082
652,2023-05-09 00:18:23,0.89067,0.89083
653,2023-05-09 00:18:24,0.89065,0.89081
654,2023-05-09 00:18:24,0.89067,0.89083
655,2023-05-09 00:18:25,0.89065,0.89081
656,2023-05-09 00:18:25,0.89067,0.89083
657,2023-05-09 00:18:25,0.89068,0.89084
658,2023-05-09 00:18:26,0.89065,0.89081
659,2023-05-09 00:18:26,0.89067,0.89083
660,2023-05-09 00:18:28,0.89066,0.89082
661,2023-05-09 00:18:28,0.89068,0.89084
662,2023-05-09 00:18:29,0.89066,0.89082
663,2023-05-09 00:18:29,0.89068,0.89084
664,2023-05-09 00:18:30,0.89065,0.89081
665,2023-05-09 00:18:30,0.89067,0.89083
666,2023-05-09 00:18:34,0.89065,0.89081
667,2023-05-09 00:18:34,0.89067,0.89083
668,2023-05-09 00:18:35,0.89065,0.89081
669,2023-05-09 00:18:35,0.89067,0.89083
670,2023-05-09 00:18:36,0.89065,0.89081
671,2023-05-09 00:18:36,0.89067,0.89083
672,2023-05-09 00:18:37,0.89065,0.89081
673,2023-05-09 00:18:37,0.89067,0.89083
674,2023-05-09 00:18:38,0.89068,0.89084
675,2023-05-09 00:18:39,0.89065,0.89081
676,2023-05-09 00:18:39,0.89067,0.89083
677,2023-05-09 00:18:40,0.89065,0.89081
678,2023-05-09 00:18:40,0.89067,0.89083
679,2023-05-09 00:18:41,0.89065,0.89081
680,2023-05-09 00:18:41,0.89067,0.89083
681,2023-05-09 00:18:42,0.89065,0.89081
682,2023-05-09 00:18:43,0.89067,0.89083
683,2023-05-09 00:18:46,0.89065,0.89081
684,2023-05-09 00:18:46,0.89067,0.89083
685,2023-05-09 00:18:47,0.89065,0.89081
686,2023-05-09 00:18:47,0.89067,0.89083
687,2023-05-09 00:18:48,0.89065,0.89081
688,2023-05-09 00:18:48,0.89066,0.89082
689,2023-05-09 00:18:49,0.89068,0.89084
690,2023-05-09 00:18:49,0.89066,0.89082
691,2023-05-09 00:18:50,0.89067,0.89083
692,2023-05-09 00:18:51,0.89066,0.89082
693,2023-05-09 00:18:51,0.89067,0.89083
694,2023-05-09 00:18:51,0.89066,0.89082
695,2023-05-09 00:18:52,0.89067,0.89083
696,2023-05-09 00:18:52,0.89066,0.89082
697,2023-05-09 00:18:53,0.89067,0.89083
698,2023-05-09 00:18:53,0.89065,0.89081
699,2023-05-09 00:18:54,0.89066,0.89082
700,2023-05-09 00:18:58,0.89065,0.89081
701,2023-05-09 00:18:58,0.89066,0.89082
702,2023-05-09 00:18:59,0.89065,0.89081
703,2023-05-09 00:18:59,0.89067,0.89083
704,2023-05-09 00:19:00,0.89065,0.89081
705,2023-05-09 00:19:00,0.89067,0.89083
706,2023-05-09 00:19:01,0.89065,0.89081
707,2023-05-09 00:19:01,0.89066,0.89082
708,2023-05-09 00:19:02,0.89065,0.89081
709,2023-05-09 00:19:02,0.89066,0.89082
710,2023-05-09 00:19:06,0.89065,0.89081
711,2023-05-09 00:19:06,0.89066,0.89082
712,2023-05-09 00:19:07,0.89065,0.89081
713,2023-05-09 00:19:07,0.89066,0.89082
714,2023-05-09 00:19:08,0.89065,0.89081
715,2023-05-09 00:19:08,0.89067,0.89083
716,2023-05-09 00:19:10,0.89065,0.89081
717,2023-05-09 00:19:11,0.89066,0.89082
718,2023-05-09 00:19:14,0.89065,0.89081
719,2023-05-09 00:19:14,0.89066,0.89082
720,2023-05-09 00:19:15,0.89065,0.89081
721,2023-05-09 00:19:15,0.89066,0.89082
722,2023-05-09 00:19:16,0.89065,0.89081
723,2023-05-09 00:19:16,0.89066,0.89082
724,2023-05-09 00:19:17,0.89065,0.89081
725,2023-05-09 00:19:17,0.89066,0.89082
726,2023-05-09 00:19:18,0.89062,0.89078
727,2023-05-09 00:19:18,0.89063,0.89079
728,2023-05-09 00:19:19,0.89061,0.89077
729,2023-05-09 00:19:19,0.89063,0.89079
730,2023-05-09 00:19:19,0.89064,0.8908
731,2023-05-09 00:19:21,0.89062,0.89078
732,2023-05-09 00:19:21,0.89063,0.89079
733,2023-05-09 00:19:23,0.89062,0.89078
734,2023-05-09 00:19:25,0.89063,0.89079
735,2023-05-09 00:19:25,0.89062,0.89078
736,2023-05-09 00:19:26,0.89063,0.89079
737,2023-05-09 00:19:26,0.89062,0.89078
738,2023-05-09 00:19:27,0.89063,0.89079
739,2023-05-09 00:19:27,0.89062,0.89078
740,2023-05-09 00:19:30,0.89059,0.89075
741,2023-05-09 00:19:30,0.89061,0.89077
742,2023-05-09 00:19:31,0.89062,0.89078
743,2023-05-09 00:19:34,0.89061,0.89077
744,2023-05-09 00:19:34,0.89062,0.89078
745,2023-05-09 00:19:35,0.89061,0.89077
746,2023-05-09 00:19:35,0.89062,0.89078
747,2023-05-09 00:19:36,0.89061,0.89077
748,2023-05-09 00:19:36,0.89062,0.89078
749,2023-05-09 00:19:40,0.89061,0.89077
750,2023-05-09 00:19:40,0.89062,0.89078
751,2023-05-09 00:19:41,0.89063,0.89079
752,2023-05-09 00:19:41,0.89062,0.89078
753,2023-05-09 00:19:42,0.89063,0.89079
754,2023-05-09 00:19:42,0.89062,0.89078
755,2023-05-09 00:19:43,0.89063,0.89079
756,2023-05-09 00:19:43,0.89062,0.89078
757,2023-05-09 00:19:44,0.89063,0.89079
758,2023-05-09 00:19:44,0.89062,0.89078
759,2023-05-09 00:19:50,0.89057,0.89073
760,2023-05-09 00:19:58,0.89055,0.89071
761,2023-05-09 00:19:58,0.89056,0.89072
762,2023-05-09 00:19:58,0.89057,0.89073
763,2023-05-09 00:20:00,0.89057,0.89073
764,2023-05-09 00:20:00,0.89055,0.89071
765,2023-05-09 00:20:04,0.89057,0.89073
766,2023-05-09 00:20:04,0.89054,0.8907
767,2023-05-09 00:20:07,0.89053,0.89069
768,2023-05-09 00:20:14,0.89054,0.8907
769,2023-05-09 00:20:15,0.89055,0.89071
770,2023-05-09 00:20:15,0.89054,0.8907
771,2023-05-09 00:20:15,0.89055,0.89071
772,2023-05-09 00:20:16,0.89054,0.8907
773,2023-05-09 00:20:16,0.89055,0.89071
774,2023-05-09 00:20:19,0.89053,0.89069
775,2023-05-09 00:20:19,0.89054,0.8907
776,2023-05-09 00:20:21,0.89055,0.89071
777,2023-05-09 00:20:21,0.89054,0.8907
778,2023-05-09 00:20:22,0.89055,0.89071
779,2023-05-09 00:20:22,0.89054,0.8907
780,2023-05-09 00:20:23,0.89055,0.89071
781,2023-05-09 00:20:23,0.89054,0.8907
782,2023-05-09 00:20:23,0.89055,0.89071
783,2023-05-09 00:20:25,0.89056,0.89072
784,2023-05-09 00:20:28,0.89054,0.8907
785,2023-05-09 00:20:43,0.89056,0.89072
786,2023-05-09 00:20:43,0.89054,0.8907
787,2023-05-09 00:20:46,0.89057,0.89073
788,2023-05-09 00:20:48,0.89054,0.8907
789,2023-05-09 00:20:48,0.89056,0.89072
790,2023-05-09 00:20:49,0.89055,0.89071
791,2023-05-09 00:20:49,0.89056,0.89072
792,2023-05-09 00:20:50,0.89055,0.89071
793,2023-05-09 00:20:50,0.89056,0.89072
794,2023-05-09 00:20:51,0.89057,0.89073
795,2023-05-09 00:20:52,0.89056,0.89072
796,2023-05-09 00:20:54,0.89055,0.89071
797,2023-05-09 00:20:55,0.89056,0.89072
798,2023-05-09 00:20:58,0.89054,0.8907
799,2023-05-09 00:21:00,0.89054,0.8907
800,2023-05-09 00:21:00,0.89053,0.89069
801,2023-05-09 00:21:01,0.89054,0.8907
802,2023-05-09 00:21:01,0.89053,0.89069
803,2023-05-09 00:21:02,0.89054,0.8907
804,2023-05-09 00:21:06,0.89053,0.89069
805,2023-05-09 00:21:07,0.89046,0.89062
806,2023-05-09 00:21:07,0.89047,0.89063
807,2023-05-09 00:21:09,0.89046,0.89062
808,2023-05-09 00:21:09,0.89047,0.89063
809,2023-05-09 00:21:11,0.89046,0.89062
810,2023-05-09 00:21:11,0.89047,0.89063
811,2023-05-09 00:21:12,0.89046,0.89062
812,2023-05-09 00:21:12,0.89047,0.89063
813,2023-05-09 00:21:13,0.89046,0.89062
814,2023-05-09 00:21:13,0.89047,0.89063
815,2023-05-09 00:21:14,0.89046,0.89062
816,2023-05-09 00:21:14,0.89047,0.89063
817,2023-05-09 00:21:15,0.89049,0.89065
818,2023-05-09 00:21:16,0.8905,0.89066
819,2023-05-09 00:21:16,0.89051,0.89067
820,2023-05-09 00:21:17,0.8905,0.89066
821,2023-05-09 00:21:17,0.89051,0.89067
822,2023-05-09 00:21:18,0.8905,0.89066
823,2023-05-09 00:21:18,0.89051,0.89067
824,2023-05-09 00:21:19,0.8905,0.89066
825,2023-05-09 00:21:19,0.89051,0.89067
826,2023-05-09 00:21:20,0.8905,0.89066
827,2023-05-09 00:21:20,0.89051,0.89067
828,2023-05-09 00:21:21,0.8905,0.89066
829,2023-05-09 00:21:21,0.89051,0.89067
830,2023-05-09 00:21:22,0.8905,0.89066
831,2023-05-09 00:21:33,0.89051,0.89067
832,2023-05-09 00:21:35,0.8905,0.89066
833,2023-05-09 00:21:35,0.89051,0.89067
834,2023-05-09 00:21:36,0.8905,0.89066
835,2023-05-09 00:21:36,0.89051,0.89067
836,2023-05-09 00:21:37,0.8905,0.89066
837,2023-05-09 00:21:37,0.89051,0.89067
838,2023-05-09 00:21:38,0.8905,0.89066
839,2023-05-09 00:21:38,0.89051,0.89067
840,2023-05-09 00:21:42,0.89052,0.89068
841,2023-05-09 00:21:42,0.8905,0.89066
842,2023-05-09 00:21:43,0.89051,0.89067
843,2023-05-09 00:21:43,0.8905,0.89066
844,2023-05-09 00:21:44,0.89051,0.89067
845,2023-05-09 00:21:44,0.8905,0.89066
846,2023-05-09 00:21:45,0.89051,0.89067
847,2023-05-09 00:21:45,0.8905,0.89066
848,2023-05-09 00:21:46,0.89051,0.89067
849,2023-05-09 00:21:46,0.8905,0.89066
850,2023-05-09 00:21:46,0.89051,0.89067
851,2023-05-09 00:21:47,0.89052,0.89068
852,2023-05-09 00:21:49,0.89051,0.89067
853,2023-05-09 00:21:51,0.8905,0.89066
854,2023-05-09 00:21:51,0.89051,0.89067
855,2023-05-09 00:21:52,0.8905,0.89066
856,2023-05-09 00:21:52,0.89051,0.89067
857,2023-05-09 00:21:53,0.8905,0.89066
858,2023-05-09 00:21:53,0.89051,0.89067
859,2023-05-09 00:21:54,0.8905,0.89066
860,2023-05-09 00:21:54,0.89051,0.89067
861,2023-05-09 00:21:56,0.89052,0.89068
862,2023-05-09 00:21:59,0.89051,0.89067
863,2023-05-09 00:21:59,0.89052,0.89068
864,2023-05-09 00:22:00,0.89051,0.89067
865,2023-05-09 00:22:00,0.89052,0.89068
866,2023-05-09 00:22:01,0.89051,0.89067
867,2023-05-09 00:22:01,0.89052,0.89068
868,2023-05-09 00:22:02,0.89051,0.89067
869,2023-05-09 00:22:08,0.8905,0.89066
870,2023-05-09 00:22:10,0.89051,0.89067
871,2023-05-09 00:22:10,0.89049,0.89065
872,2023-05-09 00:22:10,0.8905,0.89066
873,2023-05-09 00:22:16,0.89051,0.89067
874,2023-05-09 00:22:20,0.8905,0.89066
875,2023-05-09 00:22:20,0.89051,0.89067
876,2023-05-09 00:22:31,0.89052,0.89068
877,2023-05-09 00:22:37,0.89053,0.89069
878,2023-05-09 00:22:38,0.89052,0.89068
879,2023-05-09 00:22:47,0.89053,0.89069
880,2023-05-09 00:22:47,0.89062,0.89078
881,2023-05-09 00:22:50,0.89061,0.89077
882,2023-05-09 00:22:52,0.89062,0.89078
883,2023-05-09 00:23:00,0.89062,0.89078
884,2023-05-09 00:23:07,0.89063,0.89079
885,2023-05-09 00:23:08,0.89062,0.89078
886,2023-05-09 00:23:11,0.89061,0.89077
887,2023-05-09 00:23:13,0.8906,0.89076
888,2023-05-09 00:23:13,0.89061,0.89077
889,2023-05-09 00:23:13,0.89062,0.89078
890,2023-05-09 00:23:14,0.89061,0.89077
891,2023-05-09 00:23:21,0.89063,0.89079
892,2023-05-09 00:23:25,0.89062,0.89078
893,2023-05-09 00:23:26,0.89063,0.89079
894,2023-05-09 00:23:26,0.89062,0.89078
895,2023-05-09 00:23:27,0.89063,0.89079
896,2023-05-09 00:23:28,0.89062,0.89078
897,2023-05-09 00:23:28,0.89063,0.89079
898,2023-05-09 00:23:29,0.89062,0.89078
899,2023-05-09 00:23:29,0.89064,0.8908
900,2023-05-09 00:23:30,0.89065,0.89081
901,2023-05-09 00:23:37,0.89063,0.89079
902,2023-05-09 00:23:37,0.89064,0.8908
903,2023-05-09 00:23:38,0.89063,0.89079
904,2023-05-09 00:23:38,0.89064,0.8908
905,2023-05-09 00:23:39,0.89063,0.89079
906,2023-05-09 00:23:39,0.89064,0.8908
907,2023-05-09 00:23:41,0.89062,0.89078
908,2023-05-09 00:23:47,0.89061,0.89077
909,2023-05-09 00:23:47,0.89062,0.89078
910,2023-05-09 00:23:56,0.89061,0.89077
911,2023-05-09 00:23:56,0.89062,0.89078
912,2023-05-09 00:24:00,0.89062,0.89078
913,2023-05-09 00:24:01,0.89063,0.89079
914,2023-05-09 00:24:03,0.89062,0.89078
915,2023-05-09 00:24:03,0.89063,0.89079
916,2023-05-09 00:24:04,0.89062,0.89078
917,2023-05-09 00:24:04,0.89063,0.89079
918,2023-05-09 00:24:05,0.89062,0.89078
919,2023-05-09 00:24:05,0.89063,0.89079
920,2023-05-09 00:24:06,0.89062,0.89078
921,2023-05-09 00:24:06,0.89063,0.89079
922,2023-05-09 00:24:06,0.89064,0.8908
923,2023-05-09 00:24:08,0.89063,0.89079
924,2023-05-09 00:24:08,0.89064,0.8908
925,2023-05-09 00:24:09,0.89063,0.89079
926,2023-05-09 00:24:09,0.89062,0.89078
927,2023-05-09 00:24:09,0.89063,0.89079
928,2023-05-09 00:24:10,0.89062,0.89078
929,2023-05-09 00:24:10,0.89063,0.89079
930,2023-05-09 00:24:11,0.89064,0.8908
931,2023-05-09 00:24:17,0.89063,0.89079
932,2023-05-09 00:24:18,0.89064,0.8908
933,2023-05-09 00:24:22,0.89063,0.89079
934,2023-05-09 00:24:23,0.89062,0.89078
935,2023-05-09 00:24:23,0.89063,0.89079
936,2023-05-09 00:24:23,0.89064,0.8908
937,2023-05-09 00:24:27,0.89063,0.89079
938,2023-05-09 00:24:27,0.89064,0.8908
939,2023-05-09 00:24:27,0.89063,0.89079
940,2023-05-09 00:24:27,0.89064,0.8908
941,2023-05-09 00:24:28,0.89063,0.89079
942,2023-05-09 00:24:28,0.89064,0.8908
943,2023-05-09 00:24:29,0.89063,0.89079
944,2023-05-09 00:24:29,0.89064,0.8908
945,2023-05-09 00:24:32,0.89063,0.89079
946,2023-05-09 00:24:33,0.89064,0.8908
947,2023-05-09 00:24:33,0.89063,0.89079
948,2023-05-09 00:24:34,0.89064,0.8908
949,2023-05-09 00:24:35,0.89063,0.89079
950,2023-05-09 00:24:35,0.89064,0.8908
951,2023-05-09 00:24:38,0.89063,0.89079
952,2023-05-09 00:24:38,0.89064,0.8908
953,2023-05-09 00:24:42,0.89063,0.89079
954,2023-05-09 00:24:43,0.89064,0.8908
955,2023-05-09 00:24:48,0.89063,0.89079
956,2023-05-09 00:24:48,0.89064,0.8908
957,2023-05-09 00:24:49,0.89063,0.89079
958,2023-05-09 00:24:49,0.89064,0.8908
959,2023-05-09 00:24:51,0.89063,0.89079
960,2023-05-09 00:24:51,0.89064,0.8908
961,2023-05-09 00:24:52,0.89063,0.89079
962,2023-05-09 00:24:52,0.89064,0.8908
963,2023-05-09 00:24:53,0.89063,0.89079
964,2023-05-09 00:24:53,0.89064,0.8908
965,2023-05-09 00:24:54,0.89063,0.89079
966,2023-05-09 00:24:54,0.89064,0.8908
967,2023-05-09 00:24:58,0.89063,0.89079
968,2023-05-09 00:24:58,0.89066,0.89082
969,2023-05-09 00:24:59,0.89063,0.89079
970,2023-05-09 00:24:59,0.89064,0.8908
971,2023-05-09 00:25:00,0.89064,0.8908
972,2023-05-09 00:25:02,0.89063,0.89079
973,2023-05-09 00:25:03,0.89064,0.8908
974,2023-05-09 00:25:03,0.89063,0.89079
975,2023-05-09 00:25:04,0.89064,0.8908
976,2023-05-09 00:25:04,0.89063,0.89079
977,2023-05-09 00:25:05,0.89064,0.8908
978,2023-05-09 00:25:05,0.89063,0.89079
979,2023-05-09 00:25:06,0.89064,0.8908
980,2023-05-09 00:25:06,0.89067,0.89083
981,2023-05-09 00:25:06,0.89066,0.89082
982,2023-05-09 00:25:07,0.89067,0.89083
983,2023-05-09 00:25:07,0.89066,0.89082
984,2023-05-09 00:25:08,0.89067,0.89083
985,2023-05-09 00:25:08,0.89068,0.89084
986,2023-05-09 00:25:13,0.89066,0.89082
987,2023-05-09 00:25:13,0.89067,0.89083
988,2023-05-09 00:25:17,0.89066,0.89082
989,2023-05-09 00:25:18,0.89067,0.89083
990,2023-05-09 00:25:18,0.89066,0.89082
991,2023-05-09 00:25:19,0.89067,0.89083
992,2023-05-09 00:25:21,0.89066,0.89082
993,2023-05-09 00:25:21,0.89067,0.89083
994,2023-05-09 00:25:22,0.89066,0.89082
995,2023-05-09 00:25:22,0.89067,0.89083
996,2023-05-09 00:25:23,0.89066,0.89082
997,2023-05-09 00:25:23,0.89067,0.89083
998,2023-05-09 00:25:24,0.89066,0.89082
999,2023-05-09 00:25:24,0.89067,0.89083
1000,2023-05-09 00:25:29,0.89066,0.89082
1001,2023-05-09 00:25:29,0.89067,0.89083
1002,2023-05-09 00:25:29,0.89068,0.89084
1003,2023-05-09 00:25:30,0.89067,0.89083
1004,2023-05-09 00:25:30,0.89068,0.89084
1005,2023-05-09 00:25:32,0.89067,0.89083
1006,2023-05-09 00:25:32,0.89068,0.89084
1007,2023-05-09 00:25:37,0.89067,0.89083
1008,2023-05-09 00:25:37,0.89068,0.89084
1009,2023-05-09 00:25:38,0.89067,0.89083
1010,2023-05-09 00:25:39,0.89068,0.89084
1011,2023-05-09 00:25:39,0.89067,0.89083
1012,2023-05-09 00:25:41,0.89066,0.89082
1013,2023-05-09 00:25:41,0.89067,0.89083
1014,2023-05-09 00:25:42,0.89066,0.89082
1015,2023-05-09 00:25:42,0.89067,0.89083
1016,2023-05-09 00:25:43,0.89066,0.89082
1017,2023-05-09 00:25:43,0.89068,0.89084
1018,2023-05-09 00:25:44,0.89067,0.89083
1019,2023-05-09 00:25:44,0.89068,0.89084
1020,2023-05-09 00:25:44,0.89067,0.89083
1021,2023-05-09 00:25:44,0.89068,0.89084
1022,2023-05-09 00:25:45,0.89066,0.89082
1023,2023-05-09 00:25:45,0.89063,0.89079
1024,2023-05-09 00:25:45,0.89065,0.89081
1025,2023-05-09 00:25:46,0.89063,0.89079
1026,2023-05-09 00:25:46,0.89064,0.8908
1027,2023-05-09 00:25:47,0.89063,0.89079
1028,2023-05-09 00:25:47,0.89064,0.8908
1029,2023-05-09 00:25:48,0.89063,0.89079
1030,2023-05-09 00:25:48,0.89064,0.8908
1031,2023-05-09 00:25:49,0.89062,0.89078
1032,2023-05-09 00:25:49,0.89063,0.89079
1033,2023-05-09 00:25:50,0.89062,0.89078
1034,2023-05-09 00:25:50,0.89063,0.89079
1035,2023-05-09 00:25:51,0.89062,0.89078
1036,2023-05-09 00:25:51,0.89063,0.89079
1037,2023-05-09 00:25:52,0.89064,0.8908
1038,2023-05-09 00:25:53,0.89063,0.89079
1039,2023-05-09 00:25:53,0.89061,0.89077
1040,2023-05-09 00:25:54,0.8906,0.89076
1041,2023-05-09 00:25:59,0.89061,0.89077
1042,2023-05-09 00:26:00,0.89061,0.89077
1043,2023-05-09 00:26:04,0.89059,0.89075
1044,2023-05-09 00:26:04,0.8906,0.89076
1045,2023-05-09 00:26:05,0.89059,0.89075
1046,2023-05-09 00:26:05,0.8906,0.89076
1047,2023-05-09 00:26:06,0.89059,0.89075
1048,2023-05-09 00:26:06,0.8906,0.89076
1049,2023-05-09 00:26:07,0.89059,0.89075
1050,2023-05-09 00:26:07,0.8906,0.89076
1051,2023-05-09 00:26:09,0.89058,0.89074
1052,2023-05-09 00:26:10,0.89059,0.89075
1053,2023-05-09 00:26:10,0.89061,0.89077
1054,2023-05-09 00:26:14,0.89062,0.89078
1055,2023-05-09 00:26:14,0.89063,0.89079
1056,2023-05-09 00:26:17,0.89062,0.89078
1057,2023-05-09 00:26:20,0.89064,0.8908
1058,2023-05-09 00:26:20,0.89063,0.89079
1059,2023-05-09 00:26:20,0.89064,0.8908
1060,2023-05-09 00:26:24,0.89063,0.89079
1061,2023-05-09 00:26:25,0.89064,0.8908
1062,2023-05-09 00:26:25,0.89065,0.89081
1063,2023-05-09 00:26:26,0.89063,0.89079
1064,2023-05-09 00:26:26,0.89064,0.8908
1065,2023-05-09 00:26:27,0.89063,0.89079
1066,2023-05-09 00:26:27,0.89064,0.8908
1067,2023-05-09 00:26:30,0.89065,0.89081
1068,2023-05-09 00:26:30,0.89064,0.8908
1069,2023-05-09 00:26:30,0.89065,0.89081
1070,2023-05-09 00:26:36,0.89064,0.8908
1071,2023-05-09 00:26:38,0.89062,0.89078
1072,2023-05-09 00:26:38,0.89063,0.89079
1073,2023-05-09 00:26:38,0.89064,0.8908
1074,2023-05-09 00:26:40,0.89065,0.89081
1075,2023-05-09 00:26:40,0.89063,0.89079
1076,2023-05-09 00:26:41,0.89064,0.8908
1077,2023-05-09 00:26:42,0.89063,0.89079
1078,2023-05-09 00:26:42,0.89064,0.8908
1079,2023-05-09 00:26:43,0.89063,0.89079
1080,2023-05-09 00:26:43,0.89064,0.8908
1081,2023-05-09 00:26:47,0.89062,0.89078
1082,2023-05-09 00:26:47,0.89063,0.89079
1083,2023-05-09 00:26:48,0.89064,0.8908
1084,2023-05-09 00:26:49,0.89063,0.89079
1085,2023-05-09 00:26:49,0.89064,0.8908
1086,2023-05-09 00:26:50,0.89063,0.89079
1087,2023-05-09 00:26:50,0.89064,0.8908
1088,2023-05-09 00:26:50,0.89065,0.89081
1089,2023-05-09 00:26:50,0.89063,0.89079
1090,2023-05-09 00:26:51,0.89064,0.8908
1091,2023-05-09 00:26:51,0.89063,0.89079
1092,2023-05-09 00:26:51,0.89068,0.89084
1093,2023-05-09 00:26:51,0.89067,0.89083
1094,2023-05-09 00:26:52,0.89068,0.89084
1095,2023-05-09 00:26:53,0.89067,0.89083
1096,2023-05-09 00:26:53,0.89068,0.89084
1097,2023-05-09 00:26:56,0.89067,0.89083
1098,2023-05-09 00:26:56,0.89068,0.89084
1099,2023-05-09 00:26:58,0.89067,0.89083
1100,2023-05-09 00:26:58,0.89068,0.89084
1101,2023-05-09 00:26:59,0.89067,0.89083
1102,2023-05-09 00:26:59,0.89068,0.89084
1103,2023-05-09 00:27:00,0.89067,0.89083
1104,2023-05-09 00:27:00,0.89068,0.89084
1105,2023-05-09 00:27:01,0.89067,0.89083
1106,2023-05-09 00:27:01,0.89068,0.89084
1107,2023-05-09 00:27:02,0.89067,0.89083
1108,2023-05-09 00:27:02,0.89068,0.89084
1109,2023-05-09 00:27:03,0.89067,0.89083
1110,2023-05-09 00:27:04,0.89068,0.89084
1111,2023-05-09 00:27:04,0.89067,0.89083
1112,2023-05-09 00:27:04,0.89068,0.89084
1113,2023-05-09 00:27:05,0.89066,0.89082
1114,2023-05-09 00:27:06,0.89067,0.89083
1115,2023-05-09 00:27:06,0.89066,0.89082
1116,2023-05-09 00:27:07,0.89067,0.89083
1117,2023-05-09 00:27:11,0.89068,0.89084
1118,2023-05-09 00:27:11,0.89067,0.89083
1119,2023-05-09 00:27:12,0.89068,0.89084
1120,2023-05-09 00:27:12,0.89067,0.89083
1121,2023-05-09 00:27:13,0.89068,0.89084
1122,2023-05-09 00:27:21,0.89069,0.89085
1123,2023-05-09 00:27:22,0.8907,0.89086
1124,2023-05-09 00:27:22,0.89071,0.89087
1125,2023-05-09 00:27:22,0.89072,0.89088
1126,2023-05-09 00:27:25,0.89071,0.89087
1127,2023-05-09 00:27:25,0.89072,0.89088
1128,2023-05-09 00:27:27,0.89071,0.89087
1129,2023-05-09 00:27:27,0.89072,0.89088
1130,2023-05-09 00:27:28,0.89071,0.89087
1131,2023-05-09 00:27:28,0.89072,0.89088
1132,2023-05-09 00:27:29,0.8907,0.89086
1133,2023-05-09 00:27:29,0.89071,0.89087
1134,2023-05-09 00:27:31,0.89072,0.89088
1135,2023-05-09 00:27:31,0.89067,0.89083
1136,2023-05-09 00:27:38,0.89066,0.89082
1137,2023-05-09 00:27:40,0.89067,0.89083
1138,2023-05-09 00:27:42,0.89068,0.89084
1139,2023-05-09 00:27:42,0.89071,0.89087
1140,2023-05-09 00:27:44,0.8907,0.89086
1141,2023-05-09 00:27:45,0.89071,0.89087
1142,2023-05-09 00:27:46,0.8907,0.89086
1143,2023-05-09 00:27:46,0.89071,0.89087
1144,2023-05-09 00:27:53,0.8907,0.89086
1145,2023-05-09 00:27:54,0.89069,0.89085
1146,2023-05-09 00:27:55,0.89072,0.89088
1147,2023-05-09 00:27:56,0.8907,0.89086
1148,2023-05-09 00:27:57,0.89069,0.89085
1149,2023-05-09 00:27:57,0.8907,0.89086
1150,2023-05-09 00:27:57,0.89069,0.89085
1151,2023-05-09 00:28:00,0.89069,0.89085
1152,2023-05-09 00:28:04,0.89066,0.89082
1153,2023-05-09 00:28:04,0.89069,0.89085
1154,2023-05-09 00:28:10,0.89068,0.89084
1155,2023-05-09 00:28:11,0.89066,0.89082
1156,2023-05-09 00:28:11,0.89067,0.89083
1157,2023-05-09 00:28:13,0.89066,0.89082
1158,2023-05-09 00:28:13,0.89067,0.89083
1159,2023-05-09 00:28:14,0.89065,0.89081
1160,2023-05-09 00:28:14,0.89066,0.89082
1161,2023-05-09 00:28:15,0.89065,0.89081
1162,2023-05-09 00:28:15,0.89066,0.89082
1163,2023-05-09 00:28:17,0.89065,0.89081
1164,2023-05-09 00:28:17,0.89066,0.89082
1165,2023-05-09 00:28:17,0.89067,0.89083
1166,2023-05-09 00:28:18,0.89068,0.89084
1167,2023-05-09 00:28:18,0.89066,0.89082
1168,2023-05-09 00:28:19,0.89068,0.89084
1169,2023-05-09 00:28:19,0.89066,0.89082
1170,2023-05-09 00:28:20,0.89068,0.89084
1171,2023-05-09 00:28:20,0.89066,0.89082
1172,2023-05-09 00:28:21,0.89068,0.89084
1173,2023-05-09 00:28:23,0.8907,0.89086
1174,2023-05-09 00:28:24,0.89069,0.89085
1175,2023-05-09 00:28:24,0.8907,0.89086
1176,2023-05-09 00:28:30,0.89071,0.89087
1177,2023-05-09 00:28:30,0.8907,0.89086
1178,2023-05-09 00:28:31,0.89069,0.89085
1179,2023-05-09 00:28:31,0.8907,0.89086
1180,2023-05-09 00:28:32,0.89071,0.89087
1181,2023-05-09 00:28:32,0.8907,0.89086
1182,2023-05-09 00:28:33,0.89071,0.89087
1183,2023-05-09 00:28:33,0.8907,0.89086
1184,2023-05-09 00:28:34,0.89071,0.89087
1185,2023-05-09 00:28:34,0.8907,0.89086
1186,2023-05-09 00:28:35,0.89071,0.89087
1187,2023-05-09 00:28:37,0.8907,0.89086
1188,2023-05-09 00:28:37,0.89071,0.89087
1189,2023-05-09 00:28:38,0.8907,0.89086
1190,2023-05-09 00:28:38,0.89071,0.89087
1191,2023-05-09 00:28:39,0.89069,0.89085
1192,2023-05-09 00:28:43,0.89067,0.89083
1193,2023-05-09 00:28:43,0.89068,0.89084
1194,2023-05-09 00:28:43,0.89067,0.89083
1195,2023-05-09 00:28:44,0.89066,0.89082
1196,2023-05-09 00:28:44,0.89067,0.89083
1197,2023-05-09 00:28:45,0.89066,0.89082
1198,2023-05-09 00:28:45,0.89067,0.89083
1199,2023-05-09 00:28:46,0.89066,0.89082
1200,2023-05-09 00:28:46,0.89067,0.89083
1201,2023-05-09 00:28:47,0.89066,0.89082
1202,2023-05-09 00:28:47,0.89067,0.89083
1203,2023-05-09 00:28:48,0.89066,0.89082
1204,2023-05-09 00:28:48,0.89067,0.89083
1205,2023-05-09 00:28:53,0.89066,0.89082
1206,2023-05-09 00:28:53,0.89067,0.89083
1207,2023-05-09 00:28:54,0.89066,0.89082
1208,2023-05-09 00:28:54,0.89067,0.89083
1209,2023-05-09 00:28:57,0.89066,0.89082
1210,2023-05-09 00:28:57,0.89067,0.89083
1211,2023-05-09 00:28:58,0.89066,0.89082
1212,2023-05-09 00:28:58,0.89067,0.89083
1213,2023-05-09 00:28:59,0.89066,0.89082
1214,2023-05-09 00:28:59,0.89067,0.89083
1215,2023-05-09 00:29:00,0.89067,0.89083
1216,2023-05-09 00:29:00,0.89066,0.89082
1217,2023-05-09 00:29:00,0.89067,0.89083
1218,2023-05-09 00:29:04,0.89066,0.89082
1219,2023-05-09 00:29:18,0.89068,0.89084
1220,2023-05-09 00:29:24,0.89066,0.89082
1221,2023-05-09 00:29:25,0.89067,0.89083
1222,2023-05-09 00:29:25,0.89066,0.89082
1223,2023-05-09 00:29:38,0.89067,0.89083
1224,2023-05-09 00:29:43,0.89066,0.89082
1225,2023-05-09 00:29:43,0.89067,0.89083
1226,2023-05-09 00:29:44,0.89066,0.89082
1227,2023-05-09 00:29:44,0.89067,0.89083
1228,2023-05-09 00:29:45,0.89066,0.89082
1229,2023-05-09 00:29:45,0.89067,0.89083
1230,2023-05-09 00:29:46,0.89066,0.89082
1231,2023-05-09 00:29:47,0.89067,0.89083
1232,2023-05-09 00:29:51,0.89066,0.89082
1233,2023-05-09 00:29:51,0.89067,0.89083
1234,2023-05-09 00:29:52,0.89066,0.89082
1235,2023-05-09 00:29:52,0.89067,0.89083
1236,2023-05-09 00:29:53,0.89066,0.89082
1237,2023-05-09 00:29:53,0.89065,0.89081
1238,2023-05-09 00:29:53,0.89066,0.89082
1239,2023-05-09 00:29:54,0.89061,0.89077
1240,2023-05-09 00:30:00,0.89061,0.89077
1241,2023-05-09 00:30:03,0.89058,0.89074
1242,2023-05-09 00:30:08,0.89057,0.89073
1243,2023-05-09 00:30:18,0.89056,0.89072
1244,2023-05-09 00:30:19,0.89055,0.89071
1245,2023-05-09 00:30:20,0.89054,0.8907
1246,2023-05-09 00:30:24,0.89056,0.89072
1247,2023-05-09 00:30:24,0.89058,0.89074
1248,2023-05-09 00:30:25,0.89057,0.89073
1249,2023-05-09 00:30:26,0.89058,0.89074
1250,2023-05-09 00:30:29,0.89059,0.89075
1251,2023-05-09 00:30:29,0.89057,0.89073
1252,2023-05-09 00:30:30,0.89058,0.89074
1253,2023-05-09 00:30:30,0.89059,0.89075
1254,2023-05-09 00:30:30,0.8906,0.89076
1255,2023-05-09 00:30:31,0.89059,0.89075
1256,2023-05-09 00:30:31,0.8906,0.89076
1257,2023-05-09 00:30:32,0.89059,0.89075
1258,2023-05-09 00:30:32,0.8906,0.89076
1259,2023-05-09 00:30:34,0.89059,0.89075
1260,2023-05-09 00:30:35,0.8906,0.89076
1261,2023-05-09 00:30:35,0.89059,0.89075
1262,2023-05-09 00:30:36,0.8906,0.89076
1263,2023-05-09 00:30:36,0.89059,0.89075
1264,2023-05-09 00:30:37,0.8906,0.89076
1265,2023-05-09 00:30:40,0.89059,0.89075
1266,2023-05-09 00:30:46,0.89057,0.89073
1267,2023-05-09 00:30:51,0.89056,0.89072
1268,2023-05-09 00:30:53,0.89054,0.8907
1269,2023-05-09 00:30:54,0.89055,0.89071
1270,2023-05-09 00:31:00,0.89055,0.89071
1271,2023-05-09 00:31:03,0.89054,0.8907
1272,2023-05-09 00:31:04,0.89052,0.89068
1273,2023-05-09 00:31:05,0.89053,0.89069
1274,2023-05-09 00:31:06,0.89054,0.8907
1275,2023-05-09 00:31:09,0.89053,0.89069
1276,2023-05-09 00:31:12,0.89051,0.89067
1277,2023-05-09 00:31:14,0.89052,0.89068
1278,2023-05-09 00:31:14,0.89053,0.89069
1279,2023-05-09 00:31:42,0.8905,0.89066
1280,2023-05-09 00:31:54,0.89052,0.89068
1281,2023-05-09 00:31:57,0.89051,0.89067
1282,2023-05-09 00:31:59,0.89052,0.89068
1283,2023-05-09 00:32:00,0.89052,0.89068
1284,2023-05-09 00:32:01,0.89053,0.89069
1285,2023-05-09 00:32:02,0.89052,0.89068
1286,2023-05-09 00:32:04,0.8905,0.89066
1287,2023-05-09 00:32:05,0.89051,0.89067
1288,2023-05-09 00:32:06,0.8905,0.89066
1289,2023-05-09 00:32:07,0.89048,0.89064
1290,2023-05-09 00:32:07,0.89049,0.89065
1291,2023-05-09 00:32:25,0.8905,0.89066
1292,2023-05-09 00:32:26,0.89051,0.89067
1293,2023-05-09 00:32:41,0.89052,0.89068
1294,2023-05-09 00:32:42,0.89051,0.89067
1295,2023-05-09 00:32:44,0.89053,0.89069
1296,2023-05-09 00:32:50,0.89052,0.89068
1297,2023-05-09 00:32:57,0.89054,0.8907
1298,2023-05-09 00:33:00,0.89054,0.8907
1299,2023-05-09 00:33:00,0.89055,0.89071
1300,2023-05-09 00:33:02,0.89054,0.8907
1301,2023-05-09 00:33:12,0.89056,0.89072
1302,2023-05-09 00:33:26,0.89059,0.89075
1303,2023-05-09 00:33:30,0.89057,0.89073
1304,2023-05-09 00:33:36,0.89052,0.89068
1305,2023-05-09 00:33:36,0.89051,0.89067
1306,2023-05-09 00:33:38,0.89052,0.89068
1307,2023-05-09 00:33:38,0.89053,0.89069
1308,2023-05-09 00:33:38,0.89054,0.8907
1309,2023-05-09 00:33:42,0.89052,0.89068
1310,2023-05-09 00:33:44,0.89051,0.89067
1311,2023-05-09 00:33:44,0.8905,0.89066
1312,2023-05-09 00:33:44,0.89052,0.89068
1313,2023-05-09 00:33:48,0.89053,0.89069
1314,2023-05-09 00:33:50,0.89052,0.89068
1315,2023-05-09 00:33:56,0.89053,0.89069
1316,2023-05-09 00:34:00,0.89053,0.89069
1317,2023-05-09 00:34:00,0.89052,0.89068
1318,2023-05-09 00:34:01,0.89051,0.89067
1319,2023-05-09 00:34:06,0.89052,0.89068
1320,2023-05-09 00:34:16,0.89051,0.89067
1321,2023-05-09 00:34:18,0.8905,0.89066
1322,2023-05-09 00:34:22,0.89049,0.89065
1323,2023-05-09 00:34:30,0.8905,0.89066
1324,2023-05-09 00:34:30,0.89051,0.89067
1325,2023-05-09 00:34:36,0.89052,0.89068
1326,2023-05-09 00:34:54,0.89053,0.89069
1327,2023-05-09 00:34:56,0.89052,0.89068
1328,2023-05-09 00:34:57,0.89053,0.89069
1329,2023-05-09 00:34:57,0.89052,0.89068
1330,2023-05-09 00:35:00,0.89052,0.89068
1331,2023-05-09 00:35:00,0.89053,0.89069
1332,2023-05-09 00:35:05,0.89046,0.89062
1333,2023-05-09 00:35:05,0.89045,0.89061
1334,2023-05-09 00:35:05,0.89046,0.89062
1335,2023-05-09 00:35:08,0.89044,0.8906
1336,2023-05-09 00:35:13,0.89045,0.89061
1337,2023-05-09 00:35:17,0.89047,0.89063
1338,2023-05-09 00:35:17,0.89046,0.89062
1339,2023-05-09 00:35:25,0.89045,0.89061
1340,2023-05-09 00:35:27,0.89048,0.89064
1341,2023-05-09 00:35:30,0.89047,0.89063
1342,2023-05-09 00:35:31,0.89046,0.89062
1343,2023-05-09 00:35:32,0.89045,0.89061
1344,2023-05-09 00:35:35,0.89044,0.8906
1345,2023-05-09 00:35:47,0.89045,0.89061
1346,2023-05-09 00:35:49,0.89044,0.8906
1347,2023-05-09 00:35:49,0.89045,0.89061
1348,2023-05-09 00:35:51,0.89046,0.89062
1349,2023-05-09 00:35:52,0.89045,0.89061
1350,2023-05-09 00:35:55,0.89046,0.89062
1351,2023-05-09 00:35:55,0.89045,0.89061
1352,2023-05-09 00:35:57,0.89046,0.89062
1353,2023-05-09 00:35:57,0.89045,0.89061
1354,2023-05-09 00:35:57,0.89047,0.89063
1355,2023-05-09 00:36:00,0.89047,0.89063
1356,2023-05-09 00:36:06,0.89049,0.89065
1357,2023-05-09 00:36:06,0.8905,0.89066
1358,2023-05-09 00:36:06,0.89049,0.89065
1359,2023-05-09 00:36:07,0.8905,0.89066
1360,2023-05-09 00:36:07,0.89049,0.89065
1361,2023-05-09 00:36:08,0.8905,0.89066
1362,2023-05-09 00:36:08,0.89049,0.89065
1363,2023-05-09 00:36:09,0.8905,0.89066
1364,2023-05-09 00:36:09,0.89049,0.89065
1365,2023-05-09 00:36:10,0.8905,0.89066
1366,2023-05-09 00:36:10,0.89049,0.89065
1367,2023-05-09 00:36:11,0.8905,0.89066
1368,2023-05-09 00:36:11,0.89049,0.89065
1369,2023-05-09 00:36:12,0.8905,0.89066
1370,2023-05-09 00:36:13,0.89049,0.89065
1371,2023-05-09 00:36:19,0.8905,0.89066
1372,2023-05-09 00:36:29,0.89051,0.89067
1373,2023-05-09 00:36:30,0.89052,0.89068
1374,2023-05-09 00:36:40,0.8905,0.89066
1375,2023-05-09 00:36:41,0.89051,0.89067
1376,2023-05-09 00:36:45,0.8905,0.89066
1377,2023-05-09 00:36:48,0.89051,0.89067
1378,2023-05-09 00:36:57,0.8905,0.89066
1379,2023-05-09 00:36:58,0.89051,0.89067
1380,2023-05-09 00:37:00,0.89051,0.89067
1381,2023-05-09 00:37:04,0.89054,0.8907
1382,2023-05-09 00:37:05,0.89053,0.89069
1383,2023-05-09 00:37:08,0.89055,0.89071
1384,2023-05-09 00:37:11,0.89054,0.8907
1385,2023-05-09 00:37:15,0.89053,0.89069
1386,2023-05-09 00:37:18,0.89054,0.8907
1387,2023-05-09 00:37:18,0.89053,0.89069
1388,2023-05-09 00:37:19,0.89054,0.8907
1389,2023-05-09 00:37:19,0.89053,0.89069
1390,2023-05-09 00:37:20,0.89054,0.8907
1391,2023-05-09 00:37:20,0.89053,0.89069
1392,2023-05-09 00:37:21,0.89054,0.8907
1393,2023-05-09 00:37:21,0.89053,0.89069
1394,2023-05-09 00:37:25,0.89055,0.89071
1395,2023-05-09 00:37:26,0.89054,0.8907
1396,2023-05-09 00:37:27,0.89055,0.89071
1397,2023-05-09 00:37:32,0.89054,0.8907
1398,2023-05-09 00:37:32,0.89056,0.89072
1399,2023-05-09 00:37:32,0.89055,0.89071
1400,2023-05-09 00:37:41,0.89054,0.8907
1401,2023-05-09 00:37:54,0.89055,0.89071
1402,2023-05-09 00:37:58,0.89058,0.89074
1403,2023-05-09 00:37:59,0.89056,0.89072
1404,2023-05-09 00:38:00,0.89056,0.89072
1405,2023-05-09 00:38:00,0.89054,0.8907
1406,2023-05-09 00:38:01,0.89055,0.89071
1407,2023-05-09 00:38:04,0.89054,0.8907
1408,2023-05-09 00:38:14,0.89053,0.89069
1409,2023-05-09 00:38:19,0.89045,0.89061
1410,2023-05-09 00:38:19,0.89046,0.89062
1411,2023-05-09 00:38:22,0.89047,0.89063
1412,2023-05-09 00:38:28,0.89046,0.89062
1413,2023-05-09 00:38:29,0.89047,0.89063
1414,2023-05-09 00:38:32,0.89046,0.89062
1415,2023-05-09 00:38:33,0.89048,0.89064
1416,2023-05-09 00:38:40,0.89049,0.89065
1417,2023-05-09 00:38:41,0.89048,0.89064
1418,2023-05-09 00:38:41,0.8905,0.89066
1419,2023-05-09 00:38:42,0.89051,0.89067
1420,2023-05-09 00:38:42,0.8905,0.89066
1421,2023-05-09 00:38:43,0.89051,0.89067
1422,2023-05-09 00:38:43,0.8905,0.89066
1423,2023-05-09 00:38:52,0.89048,0.89064
1424,2023-05-09 00:38:54,0.89047,0.89063
1425,2023-05-09 00:38:58,0.89046,0.89062
1426,2023-05-09 00:38:59,0.89047,0.89063
1427,2023-05-09 00:39:00,0.89047,0.89063
1428,2023-05-09 00:39:01,0.89046,0.89062
1429,2023-05-09 00:39:01,0.89047,0.89063
1430,2023-05-09 00:39:02,0.89045,0.89061
1431,2023-05-09 00:39:03,0.89046,0.89062
1432,2023-05-09 00:39:04,0.89044,0.8906
1433,2023-05-09 00:39:05,0.89045,0.89061
1434,2023-05-09 00:39:14,0.89044,0.8906
1435,2023-05-09 00:39:18,0.89043,0.89059
1436,2023-05-09 00:39:20,0.89044,0.8906
1437,2023-05-09 00:39:21,0.89043,0.89059
1438,2023-05-09 00:39:25,0.89042,0.89058
1439,2023-05-09 00:39:27,0.89043,0.89059
1440,2023-05-09 00:39:38,0.89042,0.89058
1441,2023-05-09 00:39:40,0.89043,0.89059
1442,2023-05-09 00:39:40,0.89044,0.8906
1443,2023-05-09 00:39:50,0.89048,0.89064
1444,2023-05-09 00:39:51,0.89049,0.89065
1445,2023-05-09 00:39:52,0.89048,0.89064
1446,2023-05-09 00:39:54,0.89047,0.89063
1447,2023-05-09 00:39:55,0.89046,0.89062
1448,2023-05-09 00:39:57,0.89047,0.89063
1449,2023-05-09 00:40:00,0.89047,0.89063
1450,2023-05-09 00:40:00,0.89048,0.89064
1451,2023-05-09 00:40:02,0.89047,0.89063
1452,2023-05-09 00:40:03,0.89048,0.89064
1453,2023-05-09 00:40:08,0.89046,0.89062
1454,2023-05-09 00:40:10,0.89047,0.89063
1455,2023-05-09 00:40:10,0.89048,0.89064
1456,2023-05-09 00:40:11,0.89049,0.89065
1457,2023-05-09 00:40:11,0.89047,0.89063
1458,2023-05-09 00:40:16,0.89046,0.89062
1459,2023-05-09 00:40:16,0.89045,0.89061
1460,2023-05-09 00:40:21,0.89046,0.89062
1461,2023-05-09 00:40:24,0.89048,0.89064
1462,2023-05-09 00:40:26,0.89047,0.89063
1463,2023-05-09 00:40:26,0.89048,0.89064
1464,2023-05-09 00:40:31,0.89047,0.89063
1465,2023-05-09 00:40:37,0.89046,0.89062
1466,2023-05-09 00:40:50,0.89044,0.8906
1467,2023-05-09 00:40:51,0.89045,0.89061
1468,2023-05-09 00:40:51,0.89044,0.8906
1469,2023-05-09 00:40:51,0.89045,0.89061
1470,2023-05-09 00:40:52,0.89044,0.8906
1471,2023-05-09 00:41:00,0.89044,0.8906
1472,2023-05-09 00:41:01,0.89045,0.89061
1473,2023-05-09 00:41:03,0.89044,0.8906
1474,2023-05-09 00:41:12,0.89043,0.89059
1475,2023-05-09 00:41:14,0.89044,0.8906
1476,2023-05-09 00:41:16,0.89043,0.89059
1477,2023-05-09 00:41:17,0.89042,0.89058
1478,2023-05-09 00:41:18,0.89041,0.89057
1479,2023-05-09 00:41:21,0.89044,0.8906
1480,2023-05-09 00:41:30,0.89046,0.89062
1481,2023-05-09 00:41:31,0.89045,0.89061
1482,2023-05-09 00:41:34,0.89046,0.89062
1483,2023-05-09 00:41:34,0.89045,0.89061
1484,2023-05-09 00:41:35,0.89044,0.8906
1485,2023-05-09 00:41:42,0.89045,0.89061
1486,2023-05-09 00:41:43,0.89046,0.89062
1487,2023-05-09 00:41:46,0.89045,0.89061
1488,2023-05-09 00:41:49,0.89049,0.89065
1489,2023-05-09 00:42:00,0.89049,0.89065
1490,2023-05-09 00:42:04,0.89047,0.89063
1491,2023-05-09 00:42:09,0.89046,0.89062
1492,2023-05-09 00:42:18,0.89045,0.89061
1493,2023-05-09 00:42:19,0.89046,0.89062
1494,2023-05-09 00:42:43,0.89047,0.89063
1495,2023-05-09 00:42:44,0.8905,0.89066
1496,2023-05-09 00:42:51,0.89051,0.89067
1497,2023-05-09 00:42:53,0.8905,0.89066
1498,2023-05-09 00:42:56,0.89051,0.89067
1499,2023-05-09 00:42:59,0.89052,0.89068
1500,2023-05-09 00:43:00,0.89052,0.89068
1501,2023-05-09 00:43:10,0.89051,0.89067
1502,2023-05-09 00:43:15,0.8905,0.89066
1503,2023-05-09 00:43:17,0.89051,0.89067
1504,2023-05-09 00:43:18,0.8905,0.89066
1505,2023-05-09 00:43:21,0.89051,0.89067
1506,2023-05-09 00:43:23,0.8905,0.89066
1507,2023-05-09 00:43:24,0.89051,0.89067
1508,2023-05-09 00:43:27,0.8905,0.89066
1509,2023-05-09 00:43:29,0.89055,0.89071
1510,2023-05-09 00:43:30,0.89054,0.8907
1511,2023-05-09 00:43:31,0.89055,0.89071
1512,2023-05-09 00:43:32,0.89056,0.89072
1513,2023-05-09 00:43:33,0.89054,0.8907
1514,2023-05-09 00:43:35,0.89053,0.89069
1515,2023-05-09 00:43:39,0.89054,0.8907
1516,2023-05-09 00:43:40,0.89053,0.89069
1517,2023-05-09 00:43:47,0.89052,0.89068
1518,2023-05-09 00:43:49,0.89053,0.89069
1519,2023-05-09 00:43:50,0.89052,0.89068
1520,2023-05-09 00:43:56,0.89053,0.89069
1521,2023-05-09 00:43:57,0.89052,0.89068
1522,2023-05-09 00:43:58,0.8905,0.89066
1523,2023-05-09 00:43:58,0.89052,0.89068
1524,2023-05-09 00:44:00,0.89052,0.89068
1525,2023-05-09 00:44:10,0.89051,0.89067
1526,2023-05-09 00:44:11,0.89052,0.89068
1527,2023-05-09 00:44:12,0.89051,0.89067
1528,2023-05-09 00:44:13,0.89052,0.89068
1529,2023-05-09 00:44:13,0.89051,0.89067
1530,2023-05-09 00:44:24,0.89049,0.89065
1531,2023-05-09 00:44:30,0.8905,0.89066
1532,2023-05-09 00:44:30,0.89049,0.89065
1533,2023-05-09 00:44:31,0.8905,0.89066
1534,2023-05-09 00:44:46,0.89052,0.89068
1535,2023-05-09 00:44:48,0.89053,0.89069
1536,2023-05-09 00:44:49,0.89054,0.8907
1537,2023-05-09 00:44:50,0.89053,0.89069
1538,2023-05-09 00:44:51,0.89054,0.8907
1539,2023-05-09 00:44:52,0.89055,0.89071
1540,2023-05-09 00:44:53,0.89056,0.89072
1541,2023-05-09 00:44:58,0.89057,0.89073
1542,2023-05-09 00:45:00,0.89057,0.89073
1543,2023-05-09 00:45:02,0.89056,0.89072
1544,2023-05-09 00:45:16,0.89055,0.89071
1545,2023-05-09 00:45:26,0.89057,0.89073
1546,2023-05-09 00:45:43,0.89056,0.89072
1547,2023-05-09 00:45:45,0.89055,0.89071
1548,2023-05-09 00:45:48,0.89054,0.8907
1549,2023-05-09 00:45:51,0.89051,0.89067
1550,2023-05-09 00:45:55,0.89047,0.89063
1551,2023-05-09 00:46:00,0.89047,0.89063
1552,2023-05-09 00:46:01,0.89046,0.89062
1553,2023-05-09 00:46:08,0.89045,0.89061
1554,2023-05-09 00:46:09,0.89046,0.89062
1555,2023-05-09 00:46:12,0.89045,0.89061
1556,2023-05-09 00:46:20,0.89044,0.8906
1557,2023-05-09 00:46:25,0.89045,0.89061
1558,2023-05-09 00:46:25,0.89044,0.8906
1559,2023-05-09 00:46:31,0.89045,0.89061
1560,2023-05-09 00:46:34,0.89044,0.8906
1561,2023-05-09 00:46:44,0.89045,0.89061
1562,2023-05-09 00:46:53,0.89044,0.8906
1563,2023-05-09 00:46:55,0.89045,0.89061
1564,2023-05-09 00:47:00,0.89045,0.89061
1565,2023-05-09 00:47:02,0.89044,0.8906
1566,2023-05-09 00:47:03,0.89045,0.89061
1567,2023-05-09 00:47:05,0.89047,0.89063
1568,2023-05-09 00:47:06,0.89045,0.89061
1569,2023-05-09 00:47:10,0.89047,0.89063
1570,2023-05-09 00:47:10,0.89046,0.89062
1571,2023-05-09 00:47:17,0.8905,0.89066
1572,2023-05-09 00:47:22,0.89049,0.89065
1573,2023-05-09 00:47:22,0.8905,0.89066
1574,2023-05-09 00:47:23,0.89049,0.89065
1575,2023-05-09 00:47:23,0.8905,0.89066
1576,2023-05-09 00:47:27,0.89049,0.89065
1577,2023-05-09 00:47:30,0.8905,0.89066
1578,2023-05-09 00:47:31,0.89051,0.89067
1579,2023-05-09 00:47:32,0.89049,0.89065
1580,2023-05-09 00:47:33,0.8905,0.89066
1581,2023-05-09 00:47:40,0.89051,0.89067
1582,2023-05-09 00:47:40,0.8905,0.89066
1583,2023-05-09 00:47:41,0.89051,0.89067
1584,2023-05-09 00:47:47,0.8905,0.89066
1585,2023-05-09 00:47:55,0.89051,0.89067
1586,2023-05-09 00:47:55,0.8905,0.89066
1587,2023-05-09 00:47:56,0.89051,0.89067
1588,2023-05-09 00:47:56,0.8905,0.89066
1589,2023-05-09 00:47:58,0.89049,0.89065
1590,2023-05-09 00:47:58,0.8905,0.89066
1591,2023-05-09 00:48:00,0.8905,0.89066
1592,2023-05-09 00:48:07,0.89051,0.89067
1593,2023-05-09 00:48:10,0.8905,0.89066
1594,2023-05-09 00:48:11,0.89049,0.89065
1595,2023-05-09 00:48:12,0.8905,0.89066
1596,2023-05-09 00:48:13,0.89049,0.89065
1597,2023-05-09 00:48:13,0.8905,0.89066
1598,2023-05-09 00:48:14,0.89049,0.89065
1599,2023-05-09 00:48:14,0.8905,0.89066
1600,2023-05-09 00:48:15,0.89049,0.89065
1601,2023-05-09 00:48:16,0.89048,0.89064
1602,2023-05-09 00:48:17,0.89046,0.89062
1603,2023-05-09 00:48:19,0.89047,0.89063
1604,2023-05-09 00:48:20,0.89045,0.89061
1605,2023-05-09 00:48:21,0.89046,0.89062
1606,2023-05-09 00:48:21,0.89045,0.89061
1607,2023-05-09 00:48:22,0.89046,0.89062
1608,2023-05-09 00:48:22,0.89047,0.89063
1609,2023-05-09 00:48:22,0.89046,0.89062
1610,2023-05-09 00:48:23,0.89047,0.89063
1611,2023-05-09 00:48:25,0.89046,0.89062
1612,2023-05-09 00:48:25,0.89047,0.89063
1613,2023-05-09 00:48:25,0.89046,0.89062
1614,2023-05-09 00:48:26,0.89045,0.89061
1615,2023-05-09 00:48:27,0.89044,0.8906
1616,2023-05-09 00:48:28,0.89043,0.89059
1617,2023-05-09 00:48:29,0.89045,0.89061
1618,2023-05-09 00:48:29,0.89044,0.8906
1619,2023-05-09 00:48:29,0.89043,0.89059
1620,2023-05-09 00:48:31,0.89042,0.89058
1621,2023-05-09 00:48:31,0.89043,0.89059
1622,2023-05-09 00:48:32,0.89044,0.8906
1623,2023-05-09 00:48:33,0.89043,0.89059
1624,2023-05-09 00:48:33,0.89042,0.89058
1625,2023-05-09 00:48:39,0.89041,0.89057
1626,2023-05-09 00:48:41,0.8904,0.89056
1627,2023-05-09 00:48:42,0.89041,0.89057
1628,2023-05-09 00:48:44,0.89043,0.89059
1629,2023-05-09 00:48:45,0.89042,0.89058
1630,2023-05-09 00:48:45,0.89043,0.89059
1631,2023-05-09 00:48:46,0.89042,0.89058
1632,2023-05-09 00:48:47,0.89041,0.89057
1633,2023-05-09 00:48:50,0.8904,0.89056
1634,2023-05-09 00:48:51,0.89041,0.89057
1635,2023-05-09 00:49:00,0.89041,0.89057
1636,2023-05-09 00:49:00,0.8904,0.89056
1637,2023-05-09 00:49:00,0.89039,0.89055
1638,2023-05-09 00:49:02,0.8904,0.89056
1639,2023-05-09 00:49:03,0.89039,0.89055
1640,2023-05-09 00:49:05,0.89038,0.89054
1641,2023-05-09 00:49:05,0.89037,0.89053
1642,2023-05-09 00:49:06,0.89036,0.89052
1643,2023-05-09 00:49:06,0.89038,0.89054
1644,2023-05-09 00:49:06,0.89037,0.89053
1645,2023-05-09 00:49:06,0.89039,0.89055
1646,2023-05-09 00:49:09,0.89038,0.89054
1647,2023-05-09 00:49:17,0.89039,0.89055
1648,2023-05-09 00:49:18,0.89038,0.89054
1649,2023-05-09 00:49:18,0.89039,0.89055
1650,2023-05-09 00:49:18,0.89038,0.89054
1651,2023-05-09 00:49:27,0.89037,0.89053
1652,2023-05-09 00:49:34,0.89038,0.89054
1653,2023-05-09 00:49:40,0.89037,0.89053
1654,2023-05-09 00:49:47,0.89036,0.89052
1655,2023-05-09 00:49:50,0.89035,0.89051
1656,2023-05-09 00:49:55,0.89036,0.89052
1657,2023-05-09 00:49:55,0.89035,0.89051
1658,2023-05-09 00:50:00,0.89035,0.89051
1659,2023-05-09 00:50:00,0.89037,0.89053
1660,2023-05-09 00:50:01,0.89038,0.89054
1661,2023-05-09 00:50:05,0.8904,0.89056
1662,2023-05-09 00:50:11,0.89041,0.89057
1663,2023-05-09 00:50:12,0.8904,0.89056
1664,2023-05-09 00:50:14,0.89041,0.89057
1665,2023-05-09 00:50:14,0.8904,0.89056
1666,2023-05-09 00:50:22,0.89041,0.89057
1667,2023-05-09 00:50:24,0.89042,0.89058
1668,2023-05-09 00:50:28,0.89041,0.89057
1669,2023-05-09 00:50:31,0.8904,0.89056
1670,2023-05-09 00:50:33,0.89038,0.89054
1671,2023-05-09 00:50:34,0.89039,0.89055
1672,2023-05-09 00:50:35,0.8904,0.89056
1673,2023-05-09 00:50:35,0.89041,0.89057
1674,2023-05-09 00:50:41,0.89039,0.89055
1675,2023-05-09 00:50:45,0.8904,0.89056
1676,2023-05-09 00:50:52,0.89038,0.89054
1677,2023-05-09 00:51:00,0.89038,0.89054
1678,2023-05-09 00:51:00,0.89037,0.89053
1679,2023-05-09 00:51:05,0.89036,0.89052
1680,2023-05-09 00:51:07,0.89037,0.89053
1681,2023-05-09 00:51:08,0.89035,0.89051
1682,2023-05-09 00:51:14,0.89034,0.8905
1683,2023-05-09 00:51:15,0.89035,0.89051
1684,2023-05-09 00:51:15,0.89034,0.8905
1685,2023-05-09 00:51:18,0.89033,0.89049
1686,2023-05-09 00:51:20,0.89034,0.8905
1687,2023-05-09 00:51:20,0.89036,0.89052
1688,2023-05-09 00:51:30,0.89037,0.89053
1689,2023-05-09 00:51:31,0.89035,0.89051
1690,2023-05-09 00:51:33,0.89036,0.89052
1691,2023-05-09 00:51:39,0.89033,0.89049
1692,2023-05-09 00:51:40,0.89032,0.89048
1693,2023-05-09 00:51:43,0.89033,0.89049
1694,2023-05-09 00:51:46,0.89032,0.89048
1695,2023-05-09 00:51:47,0.89033,0.89049
1696,2023-05-09 00:51:47,0.89034,0.8905
1697,2023-05-09 00:51:52,0.89033,0.89049
1698,2023-05-09 00:51:59,0.89034,0.8905
1699,2023-05-09 00:52:00,0.89034,0.8905
1700,2023-05-09 00:52:00,0.89036,0.89052
1701,2023-05-09 00:52:09,0.89034,0.8905
1702,2023-05-09 00:52:10,0.89033,0.89049
1703,2023-05-09 00:52:13,0.89032,0.89048
1704,2023-05-09 00:52:18,0.89033,0.89049
1705,2023-05-09 00:52:20,0.89034,0.8905
1706,2023-05-09 00:52:21,0.89033,0.89049
1707,2023-05-09 00:52:22,0.89032,0.89048
1708,2023-05-09 00:52:23,0.89033,0.89049
1709,2023-05-09 00:52:24,0.89034,0.8905
1710,2023-05-09 00:52:24,0.89035,0.89051
1711,2023-05-09 00:52:25,0.89037,0.89053
1712,2023-05-09 00:52:25,0.89036,0.89052
1713,2023-05-09 00:52:28,0.89035,0.89051
1714,2023-05-09 00:52:29,0.89036,0.89052
1715,2023-05-09 00:52:33,0.89037,0.89053
1716,2023-05-09 00:52:37,0.89039,0.89055
1717,2023-05-09 00:52:42,0.8904,0.89056
1718,2023-05-09 00:52:44,0.89038,0.89054
1719,2023-05-09 00:52:51,0.89037,0.89053
1720,2023-05-09 00:53:00,0.89036,0.89052
1721,2023-05-09 00:53:06,0.89037,0.89053
1722,2023-05-09 00:53:06,0.89036,0.89052
1723,2023-05-09 00:53:08,0.89037,0.89053
1724,2023-05-09 00:53:12,0.89039,0.89055
1725,2023-05-09 00:53:13,0.8904,0.89056
1726,2023-05-09 00:53:20,0.89039,0.89055
1727,2023-05-09 00:53:21,0.8904,0.89056
1728,2023-05-09 00:53:23,0.89039,0.89055
1729,2023-05-09 00:53:24,0.8904,0.89056
1730,2023-05-09 00:53:24,0.89041,0.89057
1731,2023-05-09 00:53:26,0.8904,0.89056
1732,2023-05-09 00:53:30,0.89042,0.89058
1733,2023-05-09 00:53:42,0.8904,0.89056
1734,2023-05-09 00:53:46,0.89041,0.89057
1735,2023-05-09 00:53:49,0.8904,0.89056
1736,2023-05-09 00:53:50,0.89042,0.89058
1737,2023-05-09 00:53:50,0.89043,0.89059
1738,2023-05-09 00:53:50,0.89042,0.89058
1739,2023-05-09 00:53:50,0.89043,0.89059
1740,2023-05-09 00:53:51,0.89042,0.89058
1741,2023-05-09 00:53:51,0.89043,0.89059
1742,2023-05-09 00:53:51,0.89042,0.89058
1743,2023-05-09 00:53:51,0.89043,0.89059
1744,2023-05-09 00:53:55,0.89042,0.89058
1745,2023-05-09 00:53:55,0.89043,0.89059
1746,2023-05-09 00:53:56,0.89042,0.89058
1747,2023-05-09 00:53:56,0.89043,0.89059
1748,2023-05-09 00:53:57,0.89042,0.89058
1749,2023-05-09 00:53:57,0.89043,0.89059
1750,2023-05-09 00:53:58,0.89042,0.89058
1751,2023-05-09 00:53:58,0.89043,0.89059
1752,2023-05-09 00:54:00,0.89044,0.8906
1753,2023-05-09 00:54:00,0.89043,0.89059
1754,2023-05-09 00:54:01,0.89044,0.8906
1755,2023-05-09 00:54:02,0.89045,0.89061
1756,2023-05-09 00:54:05,0.89046,0.89062
1757,2023-05-09 00:54:06,0.89045,0.89061
1758,2023-05-09 00:54:06,0.89046,0.89062
1759,2023-05-09 00:54:07,0.89045,0.89061
1760,2023-05-09 00:54:08,0.89046,0.89062
1761,2023-05-09 00:54:08,0.89045,0.89061
1762,2023-05-09 00:54:16,0.89046,0.89062
1763,2023-05-09 00:54:17,0.89045,0.89061
1764,2023-05-09 00:54:27,0.89046,0.89062
1765,2023-05-09 00:54:29,0.89045,0.89061
1766,2023-05-09 00:54:34,0.89048,0.89064
1767,2023-05-09 00:54:36,0.89047,0.89063
1768,2023-05-09 00:54:37,0.89046,0.89062
1769,2023-05-09 00:54:37,0.89047,0.89063
1770,2023-05-09 00:54:38,0.89049,0.89065
1771,2023-05-09 00:54:39,0.8905,0.89066
1772,2023-05-09 00:54:42,0.89048,0.89064
1773,2023-05-09 00:54:43,0.89049,0.89065
1774,2023-05-09 00:54:43,0.8905,0.89066
1775,2023-05-09 00:54:49,0.89052,0.89068
1776,2023-05-09 00:54:52,0.89053,0.89069
1777,2023-05-09 00:54:53,0.89054,0.8907
1778,2023-05-09 00:54:59,0.89055,0.89071
1779,2023-05-09 00:55:00,0.89055,0.89071
1780,2023-05-09 00:55:00,0.89052,0.89068
1781,2023-05-09 00:55:01,0.89051,0.89067
1782,2023-05-09 00:55:02,0.89052,0.89068
1783,2023-05-09 00:55:05,0.89051,0.89067
1784,2023-05-09 00:55:05,0.89048,0.89064
1785,2023-05-09 00:55:07,0.89047,0.89063
1786,2023-05-09 00:55:09,0.89048,0.89064
1787,2023-05-09 00:55:09,0.89045,0.89061
1788,2023-05-09 00:55:16,0.89046,0.89062
1789,2023-05-09 00:55:16,0.89045,0.89061
1790,2023-05-09 00:55:17,0.89046,0.89062
1791,2023-05-09 00:55:18,0.89045,0.89061
1792,2023-05-09 00:55:19,0.89044,0.8906
1793,2023-05-09 00:55:20,0.89045,0.89061
1794,2023-05-09 00:55:23,0.89044,0.8906
1795,2023-05-09 00:55:23,0.89045,0.89061
1796,2023-05-09 00:55:24,0.89044,0.8906
1797,2023-05-09 00:55:27,0.89045,0.89061
1798,2023-05-09 00:55:34,0.89046,0.89062
1799,2023-05-09 00:55:35,0.89045,0.89061
1800,2023-05-09 00:55:36,0.89046,0.89062
1801,2023-05-09 00:55:38,0.89045,0.89061
1802,2023-05-09 00:55:39,0.89046,0.89062
1803,2023-05-09 00:55:41,0.89049,0.89065
1804,2023-05-09 00:55:44,0.89046,0.89062
1805,2023-05-09 00:55:47,0.89045,0.89061
1806,2023-05-09 00:55:52,0.89044,0.8906
1807,2023-05-09 00:55:54,0.89043,0.89059
1808,2023-05-09 00:55:55,0.89042,0.89058
1809,2023-05-09 00:55:55,0.89043,0.89059
1810,2023-05-09 00:55:57,0.89042,0.89058
1811,2023-05-09 00:55:58,0.89043,0.89059
1812,2023-05-09 00:55:58,0.89042,0.89058
1813,2023-05-09 00:55:59,0.89043,0.89059
1814,2023-05-09 00:55:59,0.89042,0.89058
1815,2023-05-09 00:56:00,0.89043,0.89059
1816,2023-05-09 00:56:00,0.89042,0.89058
1817,2023-05-09 00:56:00,0.89041,0.89057
1818,2023-05-09 00:56:02,0.8904,0.89056
1819,2023-05-09 00:56:05,0.89039,0.89055
1820,2023-05-09 00:56:05,0.89038,0.89054
1821,2023-05-09 00:56:10,0.89037,0.89053
1822,2023-05-09 00:56:11,0.89036,0.89052
1823,2023-05-09 00:56:12,0.89035,0.89051
1824,2023-05-09 00:56:12,0.89036,0.89052
1825,2023-05-09 00:56:13,0.89037,0.89053
1826,2023-05-09 00:56:15,0.8904,0.89056
1827,2023-05-09 00:56:15,0.89039,0.89055
1828,2023-05-09 00:56:16,0.89038,0.89054
1829,2023-05-09 00:56:18,0.89037,0.89053
1830,2023-05-09 00:56:26,0.89038,0.89054
1831,2023-05-09 00:56:33,0.8904,0.89056
1832,2023-05-09 00:56:42,0.89039,0.89055
1833,2023-05-09 00:56:43,0.8904,0.89056
1834,2023-05-09 00:56:48,0.89041,0.89057
1835,2023-05-09 00:56:48,0.8904,0.89056
1836,2023-05-09 00:57:00,0.8904,0.89056
1837,2023-05-09 00:57:02,0.89041,0.89057
1838,2023-05-09 00:57:03,0.8904,0.89056
1839,2023-05-09 00:57:03,0.89039,0.89055
1840,2023-05-09 00:57:06,0.89038,0.89054
1841,2023-05-09 00:57:20,0.89039,0.89055
1842,2023-05-09 00:57:29,0.8904,0.89056
1843,2023-05-09 00:57:34,0.89039,0.89055
1844,2023-05-09 00:57:35,0.8904,0.89056
1845,2023-05-09 00:57:38,0.89039,0.89055
1846,2023-05-09 00:57:40,0.89036,0.89052
1847,2023-05-09 00:57:41,0.89037,0.89053
1848,2023-05-09 00:57:42,0.89039,0.89055
1849,2023-05-09 00:57:43,0.89038,0.89054
1850,2023-05-09 00:57:44,0.89039,0.89055
1851,2023-05-09 00:57:47,0.89038,0.89054
1852,2023-05-09 00:58:00,0.89038,0.89054
1853,2023-05-09 00:58:00,0.89039,0.89055
1854,2023-05-09 00:58:11,0.89036,0.89052
1855,2023-05-09 00:58:16,0.89037,0.89053
1856,2023-05-09 00:58:20,0.89041,0.89057
1857,2023-05-09 00:58:36,0.89042,0.89058
1858,2023-05-09 00:58:42,0.89046,0.89062
1859,2023-05-09 00:58:49,0.89047,0.89063
1860,2023-05-09 00:58:50,0.89046,0.89062
1861,2023-05-09 00:58:59,0.89047,0.89063
1862,2023-05-09 00:59:00,0.89047,0.89063
1863,2023-05-09 00:59:01,0.89046,0.89062
1864,2023-05-09 00:59:05,0.89044,0.8906
1865,2023-05-09 00:59:06,0.89043,0.89059
1866,2023-05-09 00:59:07,0.89042,0.89058
1867,2023-05-09 00:59:13,0.89043,0.89059
1868,2023-05-09 00:59:23,0.89042,0.89058
1869,2023-05-09 00:59:24,0.89043,0.89059
1870,2023-05-09 00:59:34,0.89045,0.89061
1871,2023-05-09 00:59:35,0.89044,0.8906
1872,2023-05-09 00:59:37,0.89043,0.89059
1873,2023-05-09 00:59:37,0.89044,0.8906
1874,2023-05-09 00:59:37,0.89047,0.89063
1875,2023-05-09 00:59:46,0.89046,0.89062
1876,2023-05-09 01:00:00,0.89046,0.89062
1877,2023-05-09 01:00:01,0.89045,0.89061
1878,2023-05-09 01:00:12,0.89047,0.89063
1879,2023-05-09 01:00:14,0.89045,0.89061
1880,2023-05-09 01:00:16,0.89044,0.8906
1881,2023-05-09 01:00:18,0.89042,0.89058
1882,2023-05-09 01:00:18,0.89043,0.89059
1883,2023-05-09 01:00:19,0.89042,0.89058
1884,2023-05-09 01:00:19,0.89043,0.89059
1885,2023-05-09 01:00:19,0.89042,0.89058
1886,2023-05-09 01:00:20,0.89043,0.89059
1887,2023-05-09 01:00:20,0.89042,0.89058
1888,2023-05-09 01:00:35,0.89041,0.89057
1889,2023-05-09 01:00:37,0.89042,0.89058
1890,2023-05-09 01:00:50,0.89043,0.89059
1891,2023-05-09 01:00:50,0.89042,0.89058
1892,2023-05-09 01:00:50,0.89043,0.89059
1893,2023-05-09 01:00:51,0.89042,0.89058
1894,2023-05-09 01:00:51,0.89043,0.89059
1895,2023-05-09 01:00:52,0.89042,0.89058
1896,2023-05-09 01:00:52,0.89043,0.89059
1897,2023-05-09 01:00:53,0.89044,0.8906
1898,2023-05-09 01:00:55,0.89045,0.89061
1899,2023-05-09 01:01:00,0.89045,0.89061
1900,2023-05-09 01:01:02,0.89047,0.89063
1901,2023-05-09 01:01:04,0.8905,0.89066
1902,2023-05-09 01:01:05,0.89049,0.89065
1903,2023-05-09 01:01:05,0.8905,0.89066
1904,2023-05-09 01:01:07,0.89049,0.89065
1905,2023-05-09 01:01:10,0.89048,0.89064
1906,2023-05-09 01:01:10,0.89051,0.89067
1907,2023-05-09 01:01:16,0.89052,0.89068
1908,2023-05-09 01:01:16,0.89051,0.89067
1909,2023-05-09 01:01:18,0.89053,0.89069
1910,2023-05-09 01:01:19,0.89054,0.8907
1911,2023-05-09 01:01:20,0.89055,0.89071
1912,2023-05-09 01:01:23,0.89054,0.8907
1913,2023-05-09 01:01:31,0.89052,0.89068
1914,2023-05-09 01:01:31,0.89053,0.89069
1915,2023-05-09 01:01:31,0.89052,0.89068
1916,2023-05-09 01:01:33,0.89053,0.89069
1917,2023-05-09 01:01:42,0.89052,0.89068
1918,2023-05-09 01:01:45,0.89053,0.89069
1919,2023-05-09 01:01:49,0.89052,0.89068
1920,2023-05-09 01:01:49,0.89051,0.89067
1921,2023-05-09 01:01:49,0.8905,0.89066
1922,2023-05-09 01:01:50,0.89051,0.89067
1923,2023-05-09 01:01:50,0.8905,0.89066
1924,2023-05-09 01:01:50,0.89051,0.89067
1925,2023-05-09 01:01:52,0.89049,0.89065
1926,2023-05-09 01:01:59,0.89048,0.89064
1927,2023-05-09 01:01:59,0.89046,0.89062
1928,2023-05-09 01:02:00,0.89046,0.89062
1929,2023-05-09 01:02:00,0.89045,0.89061
1930,2023-05-09 01:02:00,0.89046,0.89062
1931,2023-05-09 01:02:01,0.89042,0.89058
1932,2023-05-09 01:02:02,0.89041,0.89057
1933,2023-05-09 01:02:02,0.89044,0.8906
1934,2023-05-09 01:02:13,0.89043,0.89059
1935,2023-05-09 01:02:20,0.89045,0.89061
1936,2023-05-09 01:02:20,0.89044,0.8906
1937,2023-05-09 01:02:21,0.89043,0.89059
1938,2023-05-09 01:02:43,0.89042,0.89058
1939,2023-05-09 01:02:43,0.89043,0.89059
1940,2023-05-09 01:02:44,0.89042,0.89058
1941,2023-05-09 01:02:44,0.89043,0.89059
1942,2023-05-09 01:02:46,0.89042,0.89058
1943,2023-05-09 01:02:47,0.89043,0.89059
1944,2023-05-09 01:02:47,0.89042,0.89058
1945,2023-05-09 01:02:48,0.89043,0.89059
1946,2023-05-09 01:02:48,0.89042,0.89058
1947,2023-05-09 01:02:49,0.89043,0.89059
1948,2023-05-09 01:02:50,0.89042,0.89058
1949,2023-05-09 01:02:50,0.89043,0.89059
1950,2023-05-09 01:02:55,0.89042,0.89058
1951,2023-05-09 01:02:55,0.89043,0.89059
1952,2023-05-09 01:02:56,0.89042,0.89058
1953,2023-05-09 01:02:56,0.89043,0.89059
1954,2023-05-09 01:02:57,0.89042,0.89058
1955,2023-05-09 01:02:57,0.89043,0.89059
1956,2023-05-09 01:02:58,0.89042,0.89058
1957,2023-05-09 01:02:58,0.89043,0.89059
1958,2023-05-09 01:03:00,0.89043,0.89059
1959,2023-05-09 01:03:03,0.89041,0.89057
1960,2023-05-09 01:03:03,0.89042,0.89058
1961,2023-05-09 01:03:06,0.89041,0.89057
1962,2023-05-09 01:03:17,0.8904,0.89056
1963,2023-05-09 01:03:17,0.89041,0.89057
1964,2023-05-09 01:03:19,0.89038,0.89054
1965,2023-05-09 01:03:20,0.89037,0.89053
1966,2023-05-09 01:03:20,0.89038,0.89054
1967,2023-05-09 01:03:21,0.89039,0.89055
1968,2023-05-09 01:03:21,0.89038,0.89054
1969,2023-05-09 01:03:21,0.89039,0.89055
1970,2023-05-09 01:03:23,0.89038,0.89054
1971,2023-05-09 01:03:25,0.89037,0.89053
1972,2023-05-09 01:03:25,0.89038,0.89054
1973,2023-05-09 01:03:26,0.89037,0.89053
1974,2023-05-09 01:03:26,0.89038,0.89054
1975,2023-05-09 01:03:26,0.89037,0.89053
1976,2023-05-09 01:03:29,0.89038,0.89054
1977,2023-05-09 01:03:29,0.89037,0.89053
1978,2023-05-09 01:03:31,0.89036,0.89052
1979,2023-05-09 01:03:31,0.89035,0.89051
1980,2023-05-09 01:03:33,0.89037,0.89053
1981,2023-05-09 01:03:37,0.89034,0.8905
1982,2023-05-09 01:03:37,0.89035,0.89051
1983,2023-05-09 01:03:38,0.89034,0.8905
1984,2023-05-09 01:03:42,0.89033,0.89049
1985,2023-05-09 01:03:42,0.89034,0.8905
1986,2023-05-09 01:03:46,0.89033,0.89049
1987,2023-05-09 01:03:46,0.89034,0.8905
1988,2023-05-09 01:03:47,0.89036,0.89052
1989,2023-05-09 01:03:52,0.89037,0.89053
1990,2023-05-09 01:04:00,0.89037,0.89053
1991,2023-05-09 01:04:03,0.89038,0.89054
1992,2023-05-09 01:04:05,0.89037,0.89053
1993,2023-05-09 01:04:05,0.89038,0.89054
1994,2023-05-09 01:04:06,0.89037,0.89053
1995,2023-05-09 01:04:08,0.89038,0.89054
1996,2023-05-09 01:04:09,0.89037,0.89053
1997,2023-05-09 01:04:10,0.89036,0.89052
1998,2023-05-09 01:04:11,0.89037,0.89053
1999,2023-05-09 01:04:13,0.89036,0.89052
2000,2023-05-09 01:04:16,0.89037,0.89053
2001,2023-05-09 01:04:24,0.89038,0.89054
2002,2023-05-09 01:04:25,0.89037,0.89053
2003,2023-05-09 01:04:25,0.89038,0.89054
2004,2023-05-09 01:04:26,0.89037,0.89053
2005,2023-05-09 01:04:32,0.89038,0.89054
2006,2023-05-09 01:04:38,0.89037,0.89053
2007,2023-05-09 01:04:39,0.89034,0.8905
2008,2023-05-09 01:04:42,0.89033,0.89049
2009,2023-05-09 01:04:46,0.89034,0.8905
2010,2023-05-09 01:04:46,0.89033,0.89049
2011,2023-05-09 01:04:49,0.89034,0.8905
2012,2023-05-09 01:04:50,0.89033,0.89049
2013,2023-05-09 01:04:51,0.89032,0.89048
2014,2023-05-09 01:04:52,0.89033,0.89049
2015,2023-05-09 01:05:00,0.89033,0.89049
2016,2023-05-09 01:05:08,0.89034,0.8905
2017,2023-05-09 01:05:09,0.89033,0.89049
2018,2023-05-09 01:05:20,0.89032,0.89048
2019,2023-05-09 01:05:30,0.89033,0.89049
2020,2023-05-09 01:05:38,0.89032,0.89048
2021,2023-05-09 01:05:39,0.89033,0.89049
2022,2023-05-09 01:05:43,0.89028,0.89044
2023,2023-05-09 01:05:44,0.89027,0.89043
2024,2023-05-09 01:05:45,0.89028,0.89044
2025,2023-05-09 01:05:46,0.89029,0.89045
2026,2023-05-09 01:06:00,0.8903,0.89046
2027,2023-05-09 01:06:02,0.89029,0.89045
2028,2023-05-09 01:06:02,0.8903,0.89046
2029,2023-05-09 01:06:03,0.89029,0.89045
2030,2023-05-09 01:06:03,0.89032,0.89048
2031,2023-05-09 01:06:04,0.89033,0.89049
2032,2023-05-09 01:06:20,0.89032,0.89048
2033,2023-05-09 01:06:26,0.89033,0.89049
2034,2023-05-09 01:06:26,0.89032,0.89048
2035,2023-05-09 01:06:28,0.8903,0.89046
2036,2023-05-09 01:06:28,0.89029,0.89045
2037,2023-05-09 01:06:28,0.8903,0.89046
2038,2023-05-09 01:06:29,0.89029,0.89045
2039,2023-05-09 01:06:29,0.89028,0.89044
2040,2023-05-09 01:06:33,0.89027,0.89043
2041,2023-05-09 01:06:37,0.8903,0.89046
2042,2023-05-09 01:06:38,0.89028,0.89044
2043,2023-05-09 01:06:42,0.89029,0.89045
2044,2023-05-09 01:06:48,0.89028,0.89044
2045,2023-05-09 01:06:53,0.89029,0.89045
2046,2023-05-09 01:06:53,0.89028,0.89044
2047,2023-05-09 01:06:54,0.89029,0.89045
2048,2023-05-09 01:07:00,0.8903,0.89046
2049,2023-05-09 01:07:02,0.89029,0.89045
2050,2023-05-09 01:07:06,0.8903,0.89046
2051,2023-05-09 01:07:14,0.89032,0.89048
2052,2023-05-09 01:07:14,0.89031,0.89047
2053,2023-05-09 01:07:15,0.8903,0.89046
2054,2023-05-09 01:07:24,0.89027,0.89043
2055,2023-05-09 01:07:25,0.89028,0.89044
2056,2023-05-09 01:07:45,0.8903,0.89046
2057,2023-05-09 01:07:45,0.89029,0.89045
2058,2023-05-09 01:07:46,0.8903,0.89046
2059,2023-05-09 01:07:46,0.89029,0.89045
2060,2023-05-09 01:07:47,0.8903,0.89046
2061,2023-05-09 01:07:48,0.89029,0.89045
2062,2023-05-09 01:07:48,0.8903,0.89046
2063,2023-05-09 01:07:48,0.89029,0.89045
2064,2023-05-09 01:07:50,0.89028,0.89044
2065,2023-05-09 01:07:54,0.89029,0.89045
2066,2023-05-09 01:07:54,0.8903,0.89046
2067,2023-05-09 01:07:57,0.89029,0.89045
2068,2023-05-09 01:07:58,0.8903,0.89046
2069,2023-05-09 01:07:59,0.89029,0.89045
2070,2023-05-09 01:07:59,0.8903,0.89046
2071,2023-05-09 01:08:00,0.8903,0.89046
2072,2023-05-09 01:08:00,0.89029,0.89045
2073,2023-05-09 01:08:01,0.8903,0.89046
2074,2023-05-09 01:08:02,0.89029,0.89045
2075,2023-05-09 01:08:02,0.8903,0.89046
2076,2023-05-09 01:08:02,0.89029,0.89045
2077,2023-05-09 01:08:14,0.8903,0.89046
2078,2023-05-09 01:08:15,0.89029,0.89045
2079,2023-05-09 01:08:15,0.8903,0.89046
2080,2023-05-09 01:08:20,0.89029,0.89045
2081,2023-05-09 01:08:23,0.89028,0.89044
2082,2023-05-09 01:08:24,0.89029,0.89045
2083,2023-05-09 01:08:28,0.89027,0.89043
2084,2023-05-09 01:08:30,0.89026,0.89042
2085,2023-05-09 01:08:30,0.89025,0.89041
2086,2023-05-09 01:08:38,0.89022,0.89038
2087,2023-05-09 01:08:42,0.89021,0.89037
2088,2023-05-09 01:08:43,0.89023,0.89039
2089,2023-05-09 01:09:00,0.89023,0.89039
2090,2023-05-09 01:09:06,0.89021,0.89037
2091,2023-05-09 01:09:08,0.89022,0.89038
2092,2023-05-09 01:09:09,0.89021,0.89037
2093,2023-05-09 01:09:10,0.89019,0.89035
2094,2023-05-09 01:09:19,0.8902,0.89036
2095,2023-05-09 01:09:31,0.89022,0.89038
2096,2023-05-09 01:09:34,0.8902,0.89036
2097,2023-05-09 01:09:36,0.89022,0.89038
2098,2023-05-09 01:09:38,0.89021,0.89037
2099,2023-05-09 01:09:40,0.89023,0.89039
2100,2023-05-09 01:09:41,0.89022,0.89038
2101,2023-05-09 01:09:49,0.89023,0.89039
2102,2023-05-09 01:09:52,0.89022,0.89038
2103,2023-05-09 01:09:58,0.89019,0.89035
2104,2023-05-09 01:09:59,0.89018,0.89034
2105,2023-05-09 01:10:00,0.89018,0.89034
2106,2023-05-09 01:10:02,0.89017,0.89033
2107,2023-05-09 01:10:02,0.89016,0.89032
2108,2023-05-09 01:10:20,0.89018,0.89034
2109,2023-05-09 01:10:21,0.89017,0.89033
2110,2023-05-09 01:10:22,0.89018,0.89034
2111,2023-05-09 01:10:23,0.89019,0.89035
2112,2023-05-09 01:10:24,0.89018,0.89034
2113,2023-05-09 01:10:34,0.89019,0.89035
2114,2023-05-09 01:10:42,0.89017,0.89033
2115,2023-05-09 01:10:50,0.89015,0.89031
2116,2023-05-09 01:10:52,0.89014,0.8903
2117,2023-05-09 01:10:56,0.89015,0.89031
2118,2023-05-09 01:10:56,0.89013,0.89029
2119,2023-05-09 01:10:57,0.89014,0.8903
2120,2023-05-09 01:10:58,0.89013,0.89029
2121,2023-05-09 01:10:59,0.89014,0.8903
2122,2023-05-09 01:11:00,0.89014,0.8903
2123,2023-05-09 01:11:02,0.89013,0.89029
2124,2023-05-09 01:11:06,0.89014,0.8903
2125,2023-05-09 01:11:08,0.8901,0.89026
2126,2023-05-09 01:11:10,0.89011,0.89027
2127,2023-05-09 01:11:11,0.89012,0.89028
2128,2023-05-09 01:11:20,0.89011,0.89027
2129,2023-05-09 01:11:21,0.8901,0.89026
2130,2023-05-09 01:11:28,0.89009,0.89025
2131,2023-05-09 01:11:32,0.8901,0.89026
2132,2023-05-09 01:11:34,0.89009,0.89025
2133,2023-05-09 01:11:43,0.8901,0.89026
2134,2023-05-09 01:11:49,0.89011,0.89027
2135,2023-05-09 01:11:49,0.89012,0.89028
2136,2023-05-09 01:11:50,0.89011,0.89027
2137,2023-05-09 01:11:50,0.8901,0.89026
2138,2023-05-09 01:11:54,0.89011,0.89027
2139,2023-05-09 01:12:00,0.89011,0.89027
2140,2023-05-09 01:12:04,0.8901,0.89026
2141,2023-05-09 01:12:07,0.89008,0.89024
2142,2023-05-09 01:12:11,0.89012,0.89028
2143,2023-05-09 01:12:21,0.89011,0.89027
2144,2023-05-09 01:12:24,0.8901,0.89026
2145,2023-05-09 01:12:26,0.89011,0.89027
2146,2023-05-09 01:12:27,0.8901,0.89026
2147,2023-05-09 01:13:00,0.8901,0.89026
2148,2023-05-09 01:13:06,0.89009,0.89025
2149,2023-05-09 01:13:07,0.8901,0.89026
2150,2023-05-09 01:13:21,0.89009,0.89025
2151,2023-05-09 01:13:24,0.89008,0.89024
2152,2023-05-09 01:13:28,0.89009,0.89025
2153,2023-05-09 01:13:32,0.89008,0.89024
2154,2023-05-09 01:13:32,0.89007,0.89023
2155,2023-05-09 01:13:37,0.89006,0.89022
2156,2023-05-09 01:14:00,0.89006,0.89022
2157,2023-05-09 01:14:01,0.89005,0.89021
2158,2023-05-09 01:14:01,0.89006,0.89022
2159,2023-05-09 01:14:04,0.89007,0.89023
2160,2023-05-09 01:14:05,0.89005,0.89021
2161,2023-05-09 01:14:05,0.89004,0.8902
2162,2023-05-09 01:14:07,0.89003,0.89019
2163,2023-05-09 01:14:13,0.89002,0.89018
2164,2023-05-09 01:14:16,0.89001,0.89017
2165,2023-05-09 01:14:18,0.89002,0.89018
2166,2023-05-09 01:14:20,0.89003,0.89019
2167,2023-05-09 01:14:22,0.89002,0.89018
2168,2023-05-09 01:14:23,0.89003,0.89019
2169,2023-05-09 01:14:25,0.89004,0.8902
2170,2023-05-09 01:14:34,0.89002,0.89018
2171,2023-05-09 01:14:35,0.89001,0.89017
2172,2023-05-09 01:14:37,0.89002,0.89018
2173,2023-05-09 01:14:39,0.89003,0.89019
2174,2023-05-09 01:14:45,0.89002,0.89018
2175,2023-05-09 01:14:45,0.89003,0.89019
2176,2023-05-09 01:14:48,0.89001,0.89017
2177,2023-05-09 01:14:49,0.89002,0.89018
2178,2023-05-09 01:14:56,0.89004,0.8902
2179,2023-05-09 01:15:00,0.89004,0.8902
2180,2023-05-09 01:15:03,0.89003,0.89019
2181,2023-05-09 01:15:04,0.89002,0.89018
2182,2023-05-09 01:15:06,0.88998,0.89014
2183,2023-05-09 01:15:06,0.88997,0.89013
2184,2023-05-09 01:15:07,0.88998,0.89014
2185,2023-05-09 01:15:13,0.88997,0.89013
2186,2023-05-09 01:15:14,0.88996,0.89012
2187,2023-05-09 01:15:15,0.88995,0.89011
2188,2023-05-09 01:15:17,0.88997,0.89013
2189,2023-05-09 01:15:21,0.88998,0.89014
2190,2023-05-09 01:15:22,0.88999,0.89015
2191,2023-05-09 01:15:31,0.88998,0.89014
2192,2023-05-09 01:15:41,0.89,0.89016
2193,2023-05-09 01:15:41,0.89002,0.89018
2194,2023-05-09 01:15:43,0.89003,0.89019
2195,2023-05-09 01:15:44,0.89002,0.89018
2196,2023-05-09 01:15:45,0.89001,0.89017
2197,2023-05-09 01:15:50,0.89,0.89016
2198,2023-05-09 01:15:52,0.88998,0.89014
2199,2023-05-09 01:15:52,0.88999,0.89015
2200,2023-05-09 01:15:54,0.88997,0.89013
2201,2023-05-09 01:15:55,0.88998,0.89014
2202,2023-05-09 01:15:55,0.89001,0.89017
2203,2023-05-09 01:15:56,0.89003,0.89019
2204,2023-05-09 01:15:56,0.89004,0.8902
2205,2023-05-09 01:16:00,0.89004,0.8902
2206,2023-05-09 01:16:00,0.89003,0.89019
2207,2023-05-09 01:16:03,0.89005,0.89021
2208,2023-05-09 01:16:05,0.89004,0.8902
2209,2023-05-09 01:16:11,0.89003,0.89019
2210,2023-05-09 01:16:21,0.89004,0.8902
2211,2023-05-09 01:16:27,0.89005,0.89021
2212,2023-05-09 01:16:32,0.89004,0.8902
2213,2023-05-09 01:16:39,0.89005,0.89021
2214,2023-05-09 01:16:43,0.89006,0.89022
2215,2023-05-09 01:16:44,0.89005,0.89021
2216,2023-05-09 01:16:47,0.89006,0.89022
2217,2023-05-09 01:16:50,0.89005,0.89021
2218,2023-05-09 01:16:57,0.89006,0.89022
2219,2023-05-09 01:17:00,0.89006,0.89022
2220,2023-05-09 01:17:00,0.89005,0.89021
2221,2023-05-09 01:17:10,0.89004,0.8902
2222,2023-05-09 01:17:14,0.89005,0.89021
2223,2023-05-09 01:17:19,0.89006,0.89022
2224,2023-05-09 01:17:20,0.89005,0.89021
2225,2023-05-09 01:17:20,0.89006,0.89022
2226,2023-05-09 01:17:21,0.89005,0.89021
2227,2023-05-09 01:17:21,0.89007,0.89023
2228,2023-05-09 01:17:22,0.89006,0.89022
2229,2023-05-09 01:17:32,0.89007,0.89023
2230,2023-05-09 01:17:53,0.89006,0.89022
2231,2023-05-09 01:18:00,0.89006,0.89022
2232,2023-05-09 01:18:01,0.89004,0.8902
2233,2023-05-09 01:18:06,0.89005,0.89021
2234,2023-05-09 01:18:08,0.89004,0.8902
2235,2023-05-09 01:18:09,0.89007,0.89023
2236,2023-05-09 01:18:17,0.89005,0.89021
2237,2023-05-09 01:18:18,0.89004,0.8902
2238,2023-05-09 01:18:19,0.89005,0.89021
2239,2023-05-09 01:18:26,0.89004,0.8902
2240,2023-05-09 01:18:26,0.89005,0.89021
2241,2023-05-09 01:18:29,0.89004,0.8902
2242,2023-05-09 01:18:39,0.89005,0.89021
2243,2023-05-09 01:18:40,0.89006,0.89022
2244,2023-05-09 01:18:42,0.89005,0.89021
2245,2023-05-09 01:18:42,0.89006,0.89022
2246,2023-05-09 01:18:43,0.89005,0.89021
2247,2023-05-09 01:18:43,0.89006,0.89022
2248,2023-05-09 01:18:44,0.89005,0.89021
2249,2023-05-09 01:18:59,0.89006,0.89022
2250,2023-05-09 01:19:00,0.89006,0.89022
2251,2023-05-09 01:19:00,0.89007,0.89023
2252,2023-05-09 01:19:10,0.89006,0.89022
2253,2023-05-09 01:19:10,0.89007,0.89023
2254,2023-05-09 01:19:15,0.89006,0.89022
2255,2023-05-09 01:19:18,0.89007,0.89023
2256,2023-05-09 01:19:30,0.89008,0.89024
2257,2023-05-09 01:19:30,0.89007,0.89023
2258,2023-05-09 01:19:37,0.89008,0.89024
2259,2023-05-09 01:19:47,0.8901,0.89026
2260,2023-05-09 01:19:47,0.89014,0.8903
2261,2023-05-09 01:19:48,0.89015,0.89031
2262,2023-05-09 01:19:49,0.89016,0.89032
2263,2023-05-09 01:19:52,0.89015,0.89031
2264,2023-05-09 01:19:52,0.89016,0.89032
2265,2023-05-09 01:19:54,0.89015,0.89031
2266,2023-05-09 01:19:58,0.89016,0.89032
2267,2023-05-09 01:20:00,0.89016,0.89032
2268,2023-05-09 01:20:03,0.89022,0.89038
2269,2023-05-09 01:20:03,0.89021,0.89037
2270,2023-05-09 01:20:04,0.89025,0.89041
2271,2023-05-09 01:20:04,0.89026,0.89042
2272,2023-05-09 01:20:04,0.89025,0.89041
2273,2023-05-09 01:20:11,0.89026,0.89042
2274,2023-05-09 01:20:12,0.89025,0.89041
2275,2023-05-09 01:20:12,0.89026,0.89042
2276,2023-05-09 01:20:12,0.89024,0.8904
2277,2023-05-09 01:20:14,0.89023,0.89039
2278,2023-05-09 01:20:15,0.89024,0.8904
2279,2023-05-09 01:20:17,0.89022,0.89038
2280,2023-05-09 01:20:17,0.89023,0.89039
2281,2023-05-09 01:20:20,0.89024,0.8904
2282,2023-05-09 01:20:25,0.89025,0.89041
2283,2023-05-09 01:20:26,0.89026,0.89042
2284,2023-05-09 01:20:27,0.89025,0.89041
2285,2023-05-09 01:20:27,0.89026,0.89042
2286,2023-05-09 01:20:27,0.89025,0.89041
2287,2023-05-09 01:20:30,0.89027,0.89043
2288,2023-05-09 01:20:31,0.89025,0.89041
2289,2023-05-09 01:20:31,0.89027,0.89043
2290,2023-05-09 01:20:33,0.89029,0.89045
2291,2023-05-09 01:20:34,0.8903,0.89046
2292,2023-05-09 01:20:34,0.89031,0.89047
2293,2023-05-09 01:20:41,0.89032,0.89048
2294,2023-05-09 01:20:42,0.89031,0.89047
2295,2023-05-09 01:20:49,0.89029,0.89045
2296,2023-05-09 01:21:00,0.89029,0.89045
2297,2023-05-09 01:21:00,0.89025,0.89041
2298,2023-05-09 01:21:06,0.89026,0.89042
2299,2023-05-09 01:21:06,0.89025,0.89041
2300,2023-05-09 01:21:07,0.89026,0.89042
2301,2023-05-09 01:21:07,0.89025,0.89041
2302,2023-05-09 01:21:08,0.89026,0.89042
2303,2023-05-09 01:21:08,0.89029,0.89045
2304,2023-05-09 01:21:08,0.8903,0.89046
2305,2023-05-09 01:21:09,0.89029,0.89045
2306,2023-05-09 01:21:10,0.8903,0.89046
2307,2023-05-09 01:21:10,0.89029,0.89045
2308,2023-05-09 01:21:13,0.8903,0.89046
2309,2023-05-09 01:21:14,0.89029,0.89045
2310,2023-05-09 01:21:14,0.8903,0.89046
2311,2023-05-09 01:21:15,0.89032,0.89048
2312,2023-05-09 01:21:24,0.89028,0.89044
2313,2023-05-09 01:21:27,0.89029,0.89045
2314,2023-05-09 01:21:28,0.89028,0.89044
2315,2023-05-09 01:21:34,0.89026,0.89042
2316,2023-05-09 01:21:43,0.89027,0.89043
2317,2023-05-09 01:21:49,0.89028,0.89044
2318,2023-05-09 01:21:49,0.89027,0.89043
2319,2023-05-09 01:21:51,0.89028,0.89044
2320,2023-05-09 01:21:56,0.89029,0.89045
2321,2023-05-09 01:21:57,0.89028,0.89044
2322,2023-05-09 01:21:58,0.89027,0.89043
2323,2023-05-09 01:22:00,0.89027,0.89043
2324,2023-05-09 01:22:00,0.89028,0.89044
2325,2023-05-09 01:22:02,0.89027,0.89043
2326,2023-05-09 01:22:04,0.89025,0.89041
2327,2023-05-09 01:22:05,0.89026,0.89042
2328,2023-05-09 01:22:10,0.89027,0.89043
2329,2023-05-09 01:22:11,0.89025,0.89041
2330,2023-05-09 01:22:12,0.89024,0.8904
2331,2023-05-09 01:22:13,0.89025,0.89041
2332,2023-05-09 01:22:13,0.89024,0.8904
2333,2023-05-09 01:22:14,0.89025,0.89041
2334,2023-05-09 01:22:14,0.89024,0.8904
2335,2023-05-09 01:22:15,0.89025,0.89041
2336,2023-05-09 01:22:16,0.89026,0.89042
2337,2023-05-09 01:22:22,0.89025,0.89041
2338,2023-05-09 01:22:23,0.89026,0.89042
2339,2023-05-09 01:22:24,0.89025,0.89041
2340,2023-05-09 01:22:27,0.89024,0.8904
2341,2023-05-09 01:22:30,0.89021,0.89037
2342,2023-05-09 01:22:30,0.89022,0.89038
2343,2023-05-09 01:22:31,0.89023,0.89039
2344,2023-05-09 01:22:32,0.89022,0.89038
2345,2023-05-09 01:22:35,0.89021,0.89037
2346,2023-05-09 01:22:35,0.89022,0.89038
2347,2023-05-09 01:22:35,0.89021,0.89037
2348,2023-05-09 01:22:36,0.89022,0.89038
2349,2023-05-09 01:22:40,0.89021,0.89037
2350,2023-05-09 01:22:40,0.89022,0.89038
2351,2023-05-09 01:22:41,0.89021,0.89037
2352,2023-05-09 01:22:41,0.89022,0.89038
2353,2023-05-09 01:22:42,0.89021,0.89037
2354,2023-05-09 01:22:42,0.89022,0.89038
2355,2023-05-09 01:22:44,0.89021,0.89037
2356,2023-05-09 01:22:45,0.8902,0.89036
2357,2023-05-09 01:22:47,0.89022,0.89038
2358,2023-05-09 01:22:48,0.8902,0.89036
2359,2023-05-09 01:22:58,0.89022,0.89038
2360,2023-05-09 01:23:00,0.89022,0.89038
2361,2023-05-09 01:23:06,0.89023,0.89039
2362,2023-05-09 01:23:07,0.89022,0.89038
2363,2023-05-09 01:23:12,0.89023,0.89039
2364,2023-05-09 01:23:16,0.89022,0.89038
2365,2023-05-09 01:23:16,0.89021,0.89037
2366,2023-05-09 01:23:17,0.8902,0.89036
2367,2023-05-09 01:23:18,0.89021,0.89037
2368,2023-05-09 01:23:19,0.8902,0.89036
2369,2023-05-09 01:23:19,0.89019,0.89035
2370,2023-05-09 01:23:20,0.89018,0.89034
2371,2023-05-09 01:23:21,0.89019,0.89035
2372,2023-05-09 01:23:32,0.8902,0.89036
2373,2023-05-09 01:23:38,0.89019,0.89035
2374,2023-05-09 01:23:41,0.8902,0.89036
2375,2023-05-09 01:23:49,0.89021,0.89037
2376,2023-05-09 01:23:50,0.8902,0.89036
2377,2023-05-09 01:23:50,0.89022,0.89038
2378,2023-05-09 01:23:52,0.89021,0.89037
2379,2023-05-09 01:23:53,0.8902,0.89036
2380,2023-05-09 01:23:53,0.89021,0.89037
2381,2023-05-09 01:23:54,0.8902,0.89036
2382,2023-05-09 01:23:54,0.89021,0.89037
2383,2023-05-09 01:23:55,0.8902,0.89036
2384,2023-05-09 01:23:56,0.89021,0.89037
2385,2023-05-09 01:23:57,0.8902,0.89036
2386,2023-05-09 01:23:57,0.89021,0.89037
2387,2023-05-09 01:23:58,0.8902,0.89036
2388,2023-05-09 01:23:58,0.89021,0.89037
2389,2023-05-09 01:23:59,0.8902,0.89036
2390,2023-05-09 01:23:59,0.89021,0.89037
2391,2023-05-09 01:24:00,0.8902,0.89036
2392,2023-05-09 01:24:00,0.89021,0.89037
2393,2023-05-09 01:24:01,0.89022,0.89038
2394,2023-05-09 01:24:02,0.89021,0.89037
2395,2023-05-09 01:24:02,0.89022,0.89038
2396,2023-05-09 01:24:03,0.89021,0.89037
2397,2023-05-09 01:24:03,0.89022,0.89038
2398,2023-05-09 01:24:04,0.89021,0.89037
2399,2023-05-09 01:24:04,0.89022,0.89038
2400,2023-05-09 01:24:06,0.89021,0.89037
2401,2023-05-09 01:24:07,0.8902,0.89036
2402,2023-05-09 01:24:22,0.89019,0.89035
2403,2023-05-09 01:24:22,0.8902,0.89036
2404,2023-05-09 01:24:34,0.89019,0.89035
2405,2023-05-09 01:24:35,0.8902,0.89036
2406,2023-05-09 01:24:37,0.89018,0.89034
2407,2023-05-09 01:24:37,0.89019,0.89035
2408,2023-05-09 01:24:41,0.8902,0.89036
2409,2023-05-09 01:24:45,0.89023,0.89039
2410,2023-05-09 01:24:47,0.89024,0.8904
2411,2023-05-09 01:24:48,0.89026,0.89042
2412,2023-05-09 01:24:50,0.89024,0.8904
2413,2023-05-09 01:25:00,0.89024,0.8904
2414,2023-05-09 01:25:01,0.89022,0.89038
2415,2023-05-09 01:25:02,0.89023,0.89039
2416,2023-05-09 01:25:08,0.89021,0.89037
2417,2023-05-09 01:25:09,0.8902,0.89036
2418,2023-05-09 01:25:09,0.89019,0.89035
2419,2023-05-09 01:25:09,0.8902,0.89036
2420,2023-05-09 01:25:10,0.89019,0.89035
2421,2023-05-09 01:25:11,0.8902,0.89036
2422,2023-05-09 01:25:14,0.89019,0.89035
2423,2023-05-09 01:25:15,0.89017,0.89033
2424,2023-05-09 01:25:16,0.89015,0.89031
2425,2023-05-09 01:25:19,0.89016,0.89032
2426,2023-05-09 01:25:27,0.89017,0.89033
2427,2023-05-09 01:25:27,0.89016,0.89032
2428,2023-05-09 01:25:36,0.89018,0.89034
2429,2023-05-09 01:25:48,0.89016,0.89032
2430,2023-05-09 01:25:48,0.89017,0.89033
2431,2023-05-09 01:25:49,0.89016,0.89032
2432,2023-05-09 01:25:50,0.89015,0.89031
2433,2023-05-09 01:25:52,0.89014,0.8903
2434,2023-05-09 01:25:54,0.89015,0.89031
2435,2023-05-09 01:25:58,0.89016,0.89032
2436,2023-05-09 01:26:00,0.89016,0.89032
2437,2023-05-09 01:26:01,0.89015,0.89031
2438,2023-05-09 01:26:02,0.89014,0.8903
2439,2023-05-09 01:26:03,0.89015,0.89031
2440,2023-05-09 01:26:16,0.89014,0.8903
2441,2023-05-09 01:26:17,0.89015,0.89031
2442,2023-05-09 01:26:21,0.89017,0.89033
2443,2023-05-09 01:26:23,0.89018,0.89034
2444,2023-05-09 01:26:32,0.89019,0.89035
2445,2023-05-09 01:26:33,0.89018,0.89034
2446,2023-05-09 01:26:39,0.89019,0.89035
2447,2023-05-09 01:26:39,0.89018,0.89034
2448,2023-05-09 01:26:53,0.89016,0.89032
2449,2023-05-09 01:26:54,0.89017,0.89033
2450,2023-05-09 01:26:55,0.89016,0.89032
2451,2023-05-09 01:27:00,0.89017,0.89033
2452,2023-05-09 01:27:03,0.89016,0.89032
2453,2023-05-09 01:27:04,0.89015,0.89031
2454,2023-05-09 01:27:09,0.89014,0.8903
2455,2023-05-09 01:27:33,0.89017,0.89033
2456,2023-05-09 01:27:44,0.89015,0.89031
2457,2023-05-09 01:27:47,0.89016,0.89032
2458,2023-05-09 01:27:48,0.89015,0.89031
2459,2023-05-09 01:28:00,0.89015,0.89031
2460,2023-05-09 01:28:17,0.89016,0.89032
2461,2023-05-09 01:28:17,0.89017,0.89033
2462,2023-05-09 01:28:22,0.89016,0.89032
2463,2023-05-09 01:28:27,0.89015,0.89031
2464,2023-05-09 01:28:28,0.89013,0.89029
2465,2023-05-09 01:28:30,0.89015,0.89031
2466,2023-05-09 01:28:33,0.89016,0.89032
2467,2023-05-09 01:28:42,0.89017,0.89033
2468,2023-05-09 01:28:44,0.89016,0.89032
2469,2023-05-09 01:28:55,0.89017,0.89033
2470,2023-05-09 01:28:58,0.89016,0.89032
2471,2023-05-09 01:29:00,0.89016,0.89032
2472,2023-05-09 01:29:13,0.89017,0.89033
2473,2023-05-09 01:29:23,0.89016,0.89032
2474,2023-05-09 01:29:24,0.89015,0.89031
2475,2023-05-09 01:29:26,0.89014,0.8903
2476,2023-05-09 01:29:47,0.89015,0.89031
