,time,bid,ask
0,2023-05-09 00:00:00,135.083,135.093
1,2023-05-09 00:00:01,135.082,135.092
2,2023-05-09 00:00:01,135.08,135.09
3,2023-05-09 00:00:01,135.084,135.094
4,2023-05-09 00:00:01,135.083,135.093
5,2023-05-09 00:00:01,135.081,135.091
6,2023-05-09 00:00:02,135.082,135.092
7,2023-05-09 00:00:02,135.078,135.088
8,2023-05-09 00:00:03,135.077,135.087
9,2023-05-09 00:00:04,135.076,135.086
10,2023-05-09 00:00:05,135.077,135.087
11,2023-05-09 00:00:09,135.081,135.091
12,2023-05-09 00:00:09,135.083,135.093
13,2023-05-09 00:00:10,135.087,135.097
14,2023-05-09 00:00:10,135.085,135.095
15,2023-05-09 00:00:11,135.087,135.097
16,2023-05-09 00:00:11,135.091,135.101
17,2023-05-09 00:00:11,135.089,135.099
18,2023-05-09 00:00:11,135.091,135.101
19,2023-05-09 00:00:12,135.098,135.108
20,2023-05-09 00:00:12,135.1,135.11
21,2023-05-09 00:00:15,135.097,135.107
22,2023-05-09 00:00:16,135.096,135.106
23,2023-05-09 00:00:18,135.097,135.107
24,2023-05-09 00:00:18,135.096,135.106
25,2023-05-09 00:00:18,135.097,135.107
26,2023-05-09 00:00:19,135.096,135.106
27,2023-05-09 00:00:30,135.095,135.105
28,2023-05-09 00:00:30,135.096,135.106
29,2023-05-09 00:00:30,135.097,135.107
30,2023-05-09 00:00:31,135.1,135.11
31,2023-05-09 00:00:31,135.11,135.12
32,2023-05-09 00:00:31,135.119,135.129
33,2023-05-09 00:00:31,135.12,135.13
34,2023-05-09 00:00:32,135.121,135.131
35,2023-05-09 00:00:32,135.12,135.13
36,2023-05-09 00:00:32,135.118,135.128
37,2023-05-09 00:00:33,135.117,135.127
38,2023-05-09 00:00:33,135.115,135.125
39,2023-05-09 00:00:33,135.116,135.126
40,2023-05-09 00:00:34,135.115,135.125
41,2023-05-09 00:00:36,135.118,135.128
42,2023-05-09 00:00:36,135.109,135.119
43,2023-05-09 00:00:36,135.104,135.114
44,2023-05-09 00:00:40,135.101,135.111
45,2023-05-09 00:00:41,135.1,135.11
46,2023-05-09 00:00:42,135.101,135.111
47,2023-05-09 00:00:42,135.1,135.11
48,2023-05-09 00:00:42,135.101,135.111
49,2023-05-09 00:00:43,135.104,135.114
50,2023-05-09 00:00:44,135.106,135.116
51,2023-05-09 00:00:46,135.112,135.122
52,2023-05-09 00:00:47,135.11,135.12
53,2023-05-09 00:00:47,135.113,135.123
54,2023-05-09 00:00:47,135.115,135.125
55,2023-05-09 00:00:48,135.114,135.124
56,2023-05-09 00:00:49,135.115,135.125
57,2023-05-09 00:00:49,135.113,135.123
58,2023-05-09 00:00:49,135.112,135.122
59,2023-05-09 00:00:51,135.114,135.124
60,2023-05-09 00:00:51,135.116,135.126
61,2023-05-09 00:00:51,135.122,135.132
62,2023-05-09 00:00:52,135.124,135.134
63,2023-05-09 00:00:53,135.123,135.133
64,2023-05-09 00:00:53,135.121,135.131
65,2023-05-09 00:00:53,135.119,135.129
66,2023-05-09 00:00:54,135.118,135.128
67,2023-05-09 00:00:54,135.119,135.129
68,2023-05-09 00:00:55,135.125,135.135
69,2023-05-09 00:00:55,135.124,135.134
70,2023-05-09 00:00:56,135.123,135.133
71,2023-05-09 00:00:57,135.124,135.134
72,2023-05-09 00:00:57,135.125,135.135
73,2023-05-09 00:00:59,135.123,135.133
74,2023-05-09 00:00:59,135.125,135.135
75,2023-05-09 00:01:00,135.123,135.133
76,2023-05-09 00:01:00,135.13,135.14
77,2023-05-09 00:01:00,135.138,135.148
78,2023-05-09 00:01:00,135.139,135.149
79,2023-05-09 00:01:01,135.138,135.148
80,2023-05-09 00:01:02,135.137,135.147
81,2023-05-09 00:01:02,135.139,135.149
82,2023-05-09 00:01:02,135.138,135.148
83,2023-05-09 00:01:03,135.139,135.149
84,2023-05-09 00:01:03,135.142,135.152
85,2023-05-09 00:01:03,135.146,135.156
86,2023-05-09 00:01:04,135.147,135.157
87,2023-05-09 00:01:04,135.146,135.156
88,2023-05-09 00:01:05,135.143,135.153
89,2023-05-09 00:01:05,135.142,135.152
90,2023-05-09 00:01:06,135.148,135.158
91,2023-05-09 00:01:06,135.149,135.159
92,2023-05-09 00:01:09,135.146,135.156
93,2023-05-09 00:01:10,135.139,135.149
94,2023-05-09 00:01:10,135.138,135.148
95,2023-05-09 00:01:10,135.139,135.149
96,2023-05-09 00:01:11,135.138,135.148
97,2023-05-09 00:01:11,135.134,135.144
98,2023-05-09 00:01:11,135.137,135.147
99,2023-05-09 00:01:12,135.138,135.148
100,2023-05-09 00:01:14,135.136,135.146
101,2023-05-09 00:01:14,135.138,135.148
102,2023-05-09 00:01:14,135.139,135.149
103,2023-05-09 00:01:14,135.135,135.145
104,2023-05-09 00:01:15,135.136,135.146
105,2023-05-09 00:01:17,135.132,135.142
106,2023-05-09 00:01:17,135.13,135.14
107,2023-05-09 00:01:18,135.131,135.141
108,2023-05-09 00:01:18,135.13,135.14
109,2023-05-09 00:01:18,135.131,135.141
110,2023-05-09 00:01:18,135.13,135.14
111,2023-05-09 00:01:18,135.129,135.139
112,2023-05-09 00:01:19,135.13,135.14
113,2023-05-09 00:01:19,135.129,135.139
114,2023-05-09 00:01:19,135.13,135.14
115,2023-05-09 00:01:19,135.129,135.139
116,2023-05-09 00:01:20,135.146,135.156
117,2023-05-09 00:01:20,135.148,135.158
118,2023-05-09 00:01:23,135.149,135.159
119,2023-05-09 00:01:23,135.147,135.157
120,2023-05-09 00:01:23,135.149,135.159
121,2023-05-09 00:01:24,135.146,135.156
122,2023-05-09 00:01:24,135.147,135.157
123,2023-05-09 00:01:25,135.146,135.156
124,2023-05-09 00:01:26,135.145,135.155
125,2023-05-09 00:01:31,135.151,135.161
126,2023-05-09 00:01:31,135.152,135.162
127,2023-05-09 00:01:31,135.151,135.161
128,2023-05-09 00:01:32,135.15,135.16
129,2023-05-09 00:01:32,135.154,135.164
130,2023-05-09 00:01:32,135.156,135.166
131,2023-05-09 00:01:33,135.155,135.165
132,2023-05-09 00:01:33,135.154,135.164
133,2023-05-09 00:01:33,135.155,135.165
134,2023-05-09 00:01:34,135.156,135.166
135,2023-05-09 00:01:35,135.157,135.167
136,2023-05-09 00:01:36,135.158,135.168
137,2023-05-09 00:01:37,135.157,135.167
138,2023-05-09 00:01:39,135.156,135.166
139,2023-05-09 00:01:39,135.157,135.167
140,2023-05-09 00:01:40,135.156,135.166
141,2023-05-09 00:01:40,135.155,135.165
142,2023-05-09 00:01:41,135.15,135.16
143,2023-05-09 00:01:41,135.147,135.157
144,2023-05-09 00:01:43,135.144,135.154
145,2023-05-09 00:01:43,135.145,135.155
146,2023-05-09 00:01:43,135.151,135.161
147,2023-05-09 00:01:43,135.152,135.162
148,2023-05-09 00:01:47,135.153,135.163
149,2023-05-09 00:01:47,135.159,135.169
150,2023-05-09 00:01:47,135.152,135.162
151,2023-05-09 00:01:47,135.159,135.169
152,2023-05-09 00:01:47,135.15,135.16
153,2023-05-09 00:01:48,135.151,135.161
154,2023-05-09 00:01:48,135.149,135.159
155,2023-05-09 00:01:48,135.153,135.163
156,2023-05-09 00:01:48,135.15,135.16
157,2023-05-09 00:01:48,135.151,135.161
158,2023-05-09 00:01:48,135.152,135.162
159,2023-05-09 00:01:49,135.155,135.165
160,2023-05-09 00:01:49,135.15,135.16
161,2023-05-09 00:01:49,135.158,135.168
162,2023-05-09 00:01:49,135.148,135.158
163,2023-05-09 00:01:50,135.149,135.159
164,2023-05-09 00:01:50,135.142,135.152
165,2023-05-09 00:01:50,135.14,135.15
166,2023-05-09 00:01:51,135.133,135.143
167,2023-05-09 00:01:51,135.139,135.149
168,2023-05-09 00:01:51,135.135,135.145
169,2023-05-09 00:01:52,135.146,135.156
170,2023-05-09 00:01:52,135.142,135.152
171,2023-05-09 00:01:52,135.143,135.153
172,2023-05-09 00:01:53,135.148,135.158
173,2023-05-09 00:01:53,135.143,135.153
174,2023-05-09 00:01:53,135.144,135.154
175,2023-05-09 00:01:53,135.139,135.149
176,2023-05-09 00:01:53,135.143,135.153
177,2023-05-09 00:01:53,135.141,135.151
178,2023-05-09 00:01:53,135.142,135.152
179,2023-05-09 00:01:55,135.143,135.153
180,2023-05-09 00:01:57,135.144,135.154
181,2023-05-09 00:01:58,135.145,135.155
182,2023-05-09 00:01:58,135.149,135.159
183,2023-05-09 00:01:59,135.146,135.156
184,2023-05-09 00:01:59,135.147,135.157
185,2023-05-09 00:01:59,135.146,135.156
186,2023-05-09 00:02:00,135.147,135.157
187,2023-05-09 00:02:00,135.146,135.156
188,2023-05-09 00:02:00,135.148,135.158
189,2023-05-09 00:02:00,135.15,135.16
190,2023-05-09 00:02:01,135.152,135.162
191,2023-05-09 00:02:01,135.153,135.163
192,2023-05-09 00:02:02,135.152,135.162
193,2023-05-09 00:02:09,135.16,135.17
194,2023-05-09 00:02:09,135.155,135.165
195,2023-05-09 00:02:09,135.154,135.164
196,2023-05-09 00:02:11,135.153,135.163
197,2023-05-09 00:02:11,135.152,135.162
198,2023-05-09 00:02:14,135.146,135.156
199,2023-05-09 00:02:14,135.147,135.157
200,2023-05-09 00:02:15,135.148,135.158
201,2023-05-09 00:02:15,135.149,135.159
202,2023-05-09 00:02:15,135.151,135.161
203,2023-05-09 00:02:15,135.153,135.163
204,2023-05-09 00:02:16,135.152,135.162
205,2023-05-09 00:02:16,135.153,135.163
206,2023-05-09 00:02:17,135.154,135.164
207,2023-05-09 00:02:17,135.155,135.165
208,2023-05-09 00:02:19,135.154,135.164
209,2023-05-09 00:02:20,135.156,135.166
210,2023-05-09 00:02:20,135.155,135.165
211,2023-05-09 00:02:21,135.156,135.166
212,2023-05-09 00:02:21,135.157,135.167
213,2023-05-09 00:02:21,135.158,135.168
214,2023-05-09 00:02:23,135.157,135.167
215,2023-05-09 00:02:24,135.156,135.166
216,2023-05-09 00:02:24,135.154,135.164
217,2023-05-09 00:02:26,135.153,135.163
218,2023-05-09 00:02:26,135.154,135.164
219,2023-05-09 00:02:28,135.149,135.159
220,2023-05-09 00:02:28,135.15,135.16
221,2023-05-09 00:02:29,135.149,135.159
222,2023-05-09 00:02:29,135.147,135.157
223,2023-05-09 00:02:29,135.149,135.159
224,2023-05-09 00:02:31,135.15,135.16
225,2023-05-09 00:02:32,135.148,135.158
226,2023-05-09 00:02:32,135.15,135.16
227,2023-05-09 00:02:32,135.149,135.159
228,2023-05-09 00:02:33,135.148,135.158
229,2023-05-09 00:02:33,135.147,135.157
230,2023-05-09 00:02:33,135.146,135.156
231,2023-05-09 00:02:34,135.145,135.155
232,2023-05-09 00:02:35,135.146,135.156
233,2023-05-09 00:02:35,135.145,135.155
234,2023-05-09 00:02:36,135.144,135.154
235,2023-05-09 00:02:37,135.151,135.161
236,2023-05-09 00:02:37,135.162,135.172
237,2023-05-09 00:02:37,135.164,135.174
238,2023-05-09 00:02:38,135.163,135.173
239,2023-05-09 00:02:39,135.164,135.174
240,2023-05-09 00:02:39,135.163,135.173
241,2023-05-09 00:02:42,135.162,135.172
242,2023-05-09 00:02:42,135.16,135.17
243,2023-05-09 00:02:42,135.161,135.171
244,2023-05-09 00:02:42,135.162,135.172
245,2023-05-09 00:02:43,135.161,135.171
246,2023-05-09 00:02:43,135.162,135.172
247,2023-05-09 00:02:44,135.166,135.176
248,2023-05-09 00:02:44,135.167,135.177
249,2023-05-09 00:02:44,135.166,135.176
250,2023-05-09 00:02:45,135.167,135.177
251,2023-05-09 00:02:46,135.163,135.173
252,2023-05-09 00:02:46,135.164,135.174
253,2023-05-09 00:02:46,135.165,135.175
254,2023-05-09 00:02:47,135.163,135.173
255,2023-05-09 00:02:54,135.154,135.164
256,2023-05-09 00:02:56,135.155,135.165
257,2023-05-09 00:03:00,135.159,135.169
258,2023-05-09 00:03:00,135.162,135.172
259,2023-05-09 00:03:01,135.163,135.173
260,2023-05-09 00:03:05,135.162,135.172
261,2023-05-09 00:03:05,135.163,135.173
262,2023-05-09 00:03:10,135.162,135.172
263,2023-05-09 00:03:11,135.163,135.173
264,2023-05-09 00:03:15,135.157,135.167
265,2023-05-09 00:03:16,135.154,135.164
266,2023-05-09 00:03:16,135.155,135.165
267,2023-05-09 00:03:16,135.154,135.164
268,2023-05-09 00:03:16,135.155,135.165
269,2023-05-09 00:03:21,135.156,135.166
270,2023-05-09 00:03:22,135.165,135.175
271,2023-05-09 00:03:23,135.164,135.174
272,2023-05-09 00:03:25,135.163,135.173
273,2023-05-09 00:03:26,135.164,135.174
274,2023-05-09 00:03:26,135.163,135.173
275,2023-05-09 00:03:36,135.164,135.174
276,2023-05-09 00:03:44,135.169,135.179
277,2023-05-09 00:03:45,135.171,135.181
278,2023-05-09 00:03:45,135.17,135.18
279,2023-05-09 00:03:45,135.169,135.179
280,2023-05-09 00:03:46,135.17,135.18
281,2023-05-09 00:03:46,135.171,135.181
282,2023-05-09 00:03:46,135.17,135.18
283,2023-05-09 00:03:46,135.171,135.181
284,2023-05-09 00:03:46,135.17,135.18
285,2023-05-09 00:03:48,135.171,135.181
286,2023-05-09 00:03:49,135.17,135.18
287,2023-05-09 00:03:49,135.171,135.181
288,2023-05-09 00:03:49,135.17,135.18
289,2023-05-09 00:03:50,135.171,135.181
290,2023-05-09 00:03:51,135.17,135.18
291,2023-05-09 00:03:52,135.171,135.181
292,2023-05-09 00:03:52,135.17,135.18
293,2023-05-09 00:03:53,135.182,135.192
294,2023-05-09 00:03:53,135.183,135.193
295,2023-05-09 00:03:53,135.19,135.2
296,2023-05-09 00:03:55,135.187,135.197
297,2023-05-09 00:03:55,135.183,135.193
298,2023-05-09 00:03:55,135.18,135.19
299,2023-05-09 00:03:56,135.173,135.183
300,2023-05-09 00:03:56,135.172,135.182
301,2023-05-09 00:03:58,135.171,135.181
302,2023-05-09 00:04:02,135.177,135.187
303,2023-05-09 00:04:02,135.181,135.191
304,2023-05-09 00:04:03,135.19,135.2
305,2023-05-09 00:04:04,135.182,135.192
306,2023-05-09 00:04:04,135.181,135.191
307,2023-05-09 00:04:04,135.182,135.192
308,2023-05-09 00:04:05,135.181,135.191
309,2023-05-09 00:04:11,135.182,135.192
310,2023-05-09 00:04:12,135.189,135.199
311,2023-05-09 00:04:12,135.191,135.201
312,2023-05-09 00:04:12,135.192,135.202
313,2023-05-09 00:04:13,135.191,135.201
314,2023-05-09 00:04:15,135.19,135.2
315,2023-05-09 00:04:16,135.181,135.191
316,2023-05-09 00:04:18,135.183,135.193
317,2023-05-09 00:04:18,135.182,135.192
318,2023-05-09 00:04:19,135.181,135.191
319,2023-05-09 00:04:21,135.182,135.192
320,2023-05-09 00:04:25,135.181,135.191
321,2023-05-09 00:04:27,135.18,135.19
322,2023-05-09 00:04:29,135.174,135.184
323,2023-05-09 00:04:31,135.176,135.186
324,2023-05-09 00:04:33,135.177,135.187
325,2023-05-09 00:04:35,135.176,135.186
326,2023-05-09 00:04:35,135.175,135.185
327,2023-05-09 00:04:38,135.174,135.184
328,2023-05-09 00:04:39,135.173,135.183
329,2023-05-09 00:04:40,135.181,135.191
330,2023-05-09 00:04:40,135.182,135.192
331,2023-05-09 00:04:40,135.187,135.197
332,2023-05-09 00:04:41,135.19,135.2
333,2023-05-09 00:04:47,135.198,135.208
334,2023-05-09 00:04:47,135.199,135.209
335,2023-05-09 00:04:47,135.198,135.208
336,2023-05-09 00:04:47,135.192,135.202
337,2023-05-09 00:04:48,135.19,135.2
338,2023-05-09 00:04:53,135.187,135.197
339,2023-05-09 00:04:54,135.188,135.198
340,2023-05-09 00:05:00,135.188,135.198
341,2023-05-09 00:05:05,135.18,135.19
342,2023-05-09 00:05:06,135.181,135.191
343,2023-05-09 00:05:06,135.185,135.195
344,2023-05-09 00:05:07,135.186,135.196
345,2023-05-09 00:05:07,135.185,135.195
346,2023-05-09 00:05:09,135.182,135.192
347,2023-05-09 00:05:09,135.181,135.191
348,2023-05-09 00:05:11,135.188,135.198
349,2023-05-09 00:05:14,135.189,135.199
350,2023-05-09 00:05:14,135.188,135.198
351,2023-05-09 00:05:14,135.189,135.199
352,2023-05-09 00:05:14,135.188,135.198
353,2023-05-09 00:05:15,135.189,135.199
354,2023-05-09 00:05:15,135.188,135.198
355,2023-05-09 00:05:15,135.189,135.199
356,2023-05-09 00:05:16,135.188,135.198
357,2023-05-09 00:05:16,135.197,135.207
358,2023-05-09 00:05:17,135.198,135.208
359,2023-05-09 00:05:18,135.206,135.216
360,2023-05-09 00:05:18,135.207,135.217
361,2023-05-09 00:05:19,135.208,135.218
362,2023-05-09 00:05:19,135.207,135.217
363,2023-05-09 00:05:21,135.208,135.218
364,2023-05-09 00:05:21,135.207,135.217
365,2023-05-09 00:05:22,135.206,135.216
366,2023-05-09 00:05:23,135.207,135.217
367,2023-05-09 00:05:24,135.206,135.216
368,2023-05-09 00:05:25,135.198,135.208
369,2023-05-09 00:05:26,135.196,135.206
370,2023-05-09 00:05:26,135.197,135.207
371,2023-05-09 00:05:26,135.196,135.206
372,2023-05-09 00:05:26,135.197,135.207
373,2023-05-09 00:05:26,135.196,135.206
374,2023-05-09 00:05:26,135.197,135.207
375,2023-05-09 00:05:27,135.196,135.206
376,2023-05-09 00:05:27,135.199,135.209
377,2023-05-09 00:05:27,135.198,135.208
378,2023-05-09 00:05:28,135.193,135.203
379,2023-05-09 00:05:28,135.191,135.201
380,2023-05-09 00:05:29,135.192,135.202
381,2023-05-09 00:05:29,135.191,135.201
382,2023-05-09 00:05:29,135.198,135.208
383,2023-05-09 00:05:31,135.199,135.209
384,2023-05-09 00:05:32,135.203,135.213
385,2023-05-09 00:05:32,135.207,135.217
386,2023-05-09 00:05:32,135.203,135.213
387,2023-05-09 00:05:33,135.202,135.212
388,2023-05-09 00:05:33,135.201,135.211
389,2023-05-09 00:05:37,135.204,135.214
390,2023-05-09 00:05:38,135.207,135.217
391,2023-05-09 00:05:38,135.202,135.212
392,2023-05-09 00:05:38,135.201,135.211
393,2023-05-09 00:05:39,135.196,135.206
394,2023-05-09 00:05:39,135.198,135.208
395,2023-05-09 00:05:39,135.197,135.207
396,2023-05-09 00:05:40,135.195,135.205
397,2023-05-09 00:05:40,135.198,135.208
398,2023-05-09 00:05:41,135.197,135.207
399,2023-05-09 00:05:41,135.199,135.209
400,2023-05-09 00:05:41,135.196,135.206
401,2023-05-09 00:05:41,135.197,135.207
402,2023-05-09 00:05:41,135.196,135.206
403,2023-05-09 00:05:42,135.197,135.207
404,2023-05-09 00:05:42,135.198,135.208
405,2023-05-09 00:05:42,135.199,135.209
406,2023-05-09 00:05:42,135.2,135.21
407,2023-05-09 00:05:44,135.199,135.209
408,2023-05-09 00:05:45,135.198,135.208
409,2023-05-09 00:05:45,135.197,135.207
410,2023-05-09 00:05:45,135.198,135.208
411,2023-05-09 00:05:45,135.197,135.207
412,2023-05-09 00:05:45,135.198,135.208
413,2023-05-09 00:05:46,135.197,135.207
414,2023-05-09 00:05:46,135.198,135.208
415,2023-05-09 00:05:46,135.197,135.207
416,2023-05-09 00:05:46,135.196,135.206
417,2023-05-09 00:05:46,135.198,135.208
418,2023-05-09 00:05:46,135.196,135.206
419,2023-05-09 00:05:47,135.198,135.208
420,2023-05-09 00:05:47,135.196,135.206
421,2023-05-09 00:05:47,135.197,135.207
422,2023-05-09 00:05:47,135.194,135.204
423,2023-05-09 00:05:47,135.192,135.202
424,2023-05-09 00:05:48,135.19,135.2
425,2023-05-09 00:05:48,135.189,135.199
426,2023-05-09 00:05:50,135.187,135.197
427,2023-05-09 00:05:51,135.189,135.199
428,2023-05-09 00:05:51,135.186,135.196
429,2023-05-09 00:05:51,135.188,135.198
430,2023-05-09 00:05:52,135.189,135.199
431,2023-05-09 00:05:52,135.188,135.198
432,2023-05-09 00:05:52,135.189,135.199
433,2023-05-09 00:05:52,135.19,135.2
434,2023-05-09 00:05:53,135.191,135.201
435,2023-05-09 00:05:55,135.192,135.202
436,2023-05-09 00:06:00,135.193,135.203
437,2023-05-09 00:06:00,135.192,135.202
438,2023-05-09 00:06:09,135.201,135.211
439,2023-05-09 00:06:11,135.202,135.212
440,2023-05-09 00:06:12,135.201,135.211
441,2023-05-09 00:06:14,135.202,135.212
442,2023-05-09 00:06:14,135.197,135.207
443,2023-05-09 00:06:17,135.195,135.205
444,2023-05-09 00:06:18,135.196,135.206
445,2023-05-09 00:06:22,135.199,135.209
446,2023-05-09 00:06:30,135.2,135.21
447,2023-05-09 00:06:32,135.204,135.214
448,2023-05-09 00:06:33,135.201,135.211
449,2023-05-09 00:06:33,135.199,135.209
450,2023-05-09 00:06:37,135.198,135.208
451,2023-05-09 00:06:39,135.194,135.204
452,2023-05-09 00:06:40,135.195,135.205
453,2023-05-09 00:06:40,135.194,135.204
454,2023-05-09 00:06:43,135.195,135.205
455,2023-05-09 00:06:46,135.198,135.208
456,2023-05-09 00:06:47,135.199,135.209
457,2023-05-09 00:06:49,135.2,135.21
458,2023-05-09 00:06:50,135.197,135.207
459,2023-05-09 00:06:51,135.196,135.206
460,2023-05-09 00:06:51,135.193,135.203
461,2023-05-09 00:06:53,135.194,135.204
462,2023-05-09 00:06:58,135.186,135.196
463,2023-05-09 00:06:58,135.188,135.198
464,2023-05-09 00:06:58,135.189,135.199
465,2023-05-09 00:06:59,135.198,135.208
466,2023-05-09 00:06:59,135.199,135.209
467,2023-05-09 00:06:59,135.2,135.21
468,2023-05-09 00:07:00,135.2,135.21
469,2023-05-09 00:07:00,135.201,135.211
470,2023-05-09 00:07:00,135.202,135.212
471,2023-05-09 00:07:00,135.203,135.213
472,2023-05-09 00:07:02,135.207,135.217
473,2023-05-09 00:07:02,135.202,135.212
474,2023-05-09 00:07:02,135.203,135.213
475,2023-05-09 00:07:03,135.202,135.212
476,2023-05-09 00:07:03,135.203,135.213
477,2023-05-09 00:07:05,135.207,135.217
478,2023-05-09 00:07:05,135.204,135.214
479,2023-05-09 00:07:06,135.206,135.216
480,2023-05-09 00:07:09,135.205,135.215
481,2023-05-09 00:07:10,135.199,135.209
482,2023-05-09 00:07:11,135.204,135.214
483,2023-05-09 00:07:11,135.203,135.213
484,2023-05-09 00:07:12,135.201,135.211
485,2023-05-09 00:07:12,135.202,135.212
486,2023-05-09 00:07:14,135.203,135.213
487,2023-05-09 00:07:15,135.206,135.216
488,2023-05-09 00:07:16,135.201,135.211
489,2023-05-09 00:07:16,135.2,135.21
490,2023-05-09 00:07:18,135.201,135.211
491,2023-05-09 00:07:19,135.202,135.212
492,2023-05-09 00:07:19,135.203,135.213
493,2023-05-09 00:07:20,135.202,135.212
494,2023-05-09 00:07:20,135.207,135.217
495,2023-05-09 00:07:20,135.206,135.216
496,2023-05-09 00:07:21,135.207,135.217
497,2023-05-09 00:07:22,135.206,135.216
498,2023-05-09 00:07:22,135.207,135.217
499,2023-05-09 00:07:22,135.206,135.216
500,2023-05-09 00:07:22,135.204,135.214
501,2023-05-09 00:07:25,135.2,135.21
502,2023-05-09 00:07:29,135.202,135.212
503,2023-05-09 00:07:29,135.203,135.213
504,2023-05-09 00:07:30,135.202,135.212
505,2023-05-09 00:07:31,135.206,135.216
506,2023-05-09 00:07:31,135.201,135.211
507,2023-05-09 00:07:32,135.2,135.21
508,2023-05-09 00:07:33,135.202,135.212
509,2023-05-09 00:07:33,135.203,135.213
510,2023-05-09 00:07:33,135.204,135.214
511,2023-05-09 00:07:34,135.208,135.218
512,2023-05-09 00:07:36,135.207,135.217
513,2023-05-09 00:07:40,135.203,135.213
514,2023-05-09 00:07:40,135.198,135.208
515,2023-05-09 00:07:41,135.196,135.206
516,2023-05-09 00:07:41,135.197,135.207
517,2023-05-09 00:07:41,135.196,135.206
518,2023-05-09 00:07:41,135.197,135.207
519,2023-05-09 00:07:41,135.196,135.206
520,2023-05-09 00:07:41,135.194,135.204
521,2023-05-09 00:07:42,135.197,135.207
522,2023-05-09 00:07:43,135.195,135.205
523,2023-05-09 00:07:43,135.197,135.207
524,2023-05-09 00:07:44,135.196,135.206
525,2023-05-09 00:07:44,135.198,135.208
526,2023-05-09 00:07:45,135.197,135.207
527,2023-05-09 00:07:46,135.2,135.21
528,2023-05-09 00:07:46,135.205,135.215
529,2023-05-09 00:07:46,135.204,135.214
530,2023-05-09 00:07:47,135.203,135.213
531,2023-05-09 00:07:47,135.205,135.215
532,2023-05-09 00:07:47,135.201,135.211
533,2023-05-09 00:07:49,135.199,135.209
534,2023-05-09 00:07:52,135.193,135.203
535,2023-05-09 00:07:52,135.196,135.206
536,2023-05-09 00:07:52,135.195,135.205
537,2023-05-09 00:07:52,135.196,135.206
538,2023-05-09 00:07:52,135.195,135.205
539,2023-05-09 00:07:54,135.193,135.203
540,2023-05-09 00:07:54,135.197,135.207
541,2023-05-09 00:07:55,135.198,135.208
542,2023-05-09 00:07:55,135.194,135.204
543,2023-05-09 00:07:55,135.197,135.207
544,2023-05-09 00:07:55,135.198,135.208
545,2023-05-09 00:07:55,135.197,135.207
546,2023-05-09 00:07:56,135.198,135.208
547,2023-05-09 00:07:57,135.199,135.209
548,2023-05-09 00:07:57,135.198,135.208
549,2023-05-09 00:07:59,135.199,135.209
550,2023-05-09 00:07:59,135.198,135.208
551,2023-05-09 00:08:00,135.198,135.208
552,2023-05-09 00:08:01,135.197,135.207
553,2023-05-09 00:08:01,135.198,135.208
554,2023-05-09 00:08:03,135.202,135.212
555,2023-05-09 00:08:03,135.203,135.213
556,2023-05-09 00:08:04,135.207,135.217
557,2023-05-09 00:08:04,135.206,135.216
558,2023-05-09 00:08:04,135.207,135.217
559,2023-05-09 00:08:04,135.206,135.216
560,2023-05-09 00:08:04,135.207,135.217
561,2023-05-09 00:08:04,135.206,135.216
562,2023-05-09 00:08:05,135.208,135.218
563,2023-05-09 00:08:05,135.203,135.213
564,2023-05-09 00:08:05,135.204,135.214
565,2023-05-09 00:08:05,135.205,135.215
566,2023-05-09 00:08:06,135.207,135.217
567,2023-05-09 00:08:06,135.208,135.218
568,2023-05-09 00:08:08,135.207,135.217
569,2023-05-09 00:08:11,135.209,135.219
570,2023-05-09 00:08:11,135.208,135.218
571,2023-05-09 00:08:11,135.209,135.219
572,2023-05-09 00:08:11,135.208,135.218
573,2023-05-09 00:08:12,135.209,135.219
574,2023-05-09 00:08:12,135.208,135.218
575,2023-05-09 00:08:15,135.207,135.217
576,2023-05-09 00:08:16,135.206,135.216
577,2023-05-09 00:08:16,135.207,135.217
578,2023-05-09 00:08:17,135.208,135.218
579,2023-05-09 00:08:19,135.213,135.223
580,2023-05-09 00:08:19,135.212,135.222
581,2023-05-09 00:08:20,135.217,135.227
582,2023-05-09 00:08:20,135.218,135.228
583,2023-05-09 00:08:23,135.217,135.227
584,2023-05-09 00:08:23,135.218,135.228
585,2023-05-09 00:08:27,135.216,135.226
586,2023-05-09 00:08:27,135.217,135.227
587,2023-05-09 00:08:32,135.223,135.233
588,2023-05-09 00:08:32,135.219,135.229
589,2023-05-09 00:08:41,135.22,135.23
590,2023-05-09 00:08:43,135.219,135.229
591,2023-05-09 00:08:45,135.222,135.232
592,2023-05-09 00:08:45,135.22,135.23
593,2023-05-09 00:08:45,135.219,135.229
594,2023-05-09 00:08:46,135.221,135.231
595,2023-05-09 00:08:46,135.22,135.23
596,2023-05-09 00:08:46,135.225,135.235
597,2023-05-09 00:08:46,135.226,135.236
598,2023-05-09 00:08:49,135.225,135.235
599,2023-05-09 00:08:54,135.226,135.236
600,2023-05-09 00:08:57,135.227,135.237
601,2023-05-09 00:08:59,135.241,135.251
602,2023-05-09 00:08:59,135.24,135.25
603,2023-05-09 00:08:59,135.238,135.248
604,2023-05-09 00:08:59,135.242,135.252
605,2023-05-09 00:08:59,135.243,135.253
606,2023-05-09 00:09:00,135.243,135.253
607,2023-05-09 00:09:00,135.247,135.257
608,2023-05-09 00:09:00,135.245,135.255
609,2023-05-09 00:09:01,135.248,135.258
610,2023-05-09 00:09:01,135.246,135.256
611,2023-05-09 00:09:01,135.245,135.255
612,2023-05-09 00:09:02,135.253,135.263
613,2023-05-09 00:09:02,135.254,135.264
614,2023-05-09 00:09:03,135.253,135.263
615,2023-05-09 00:09:03,135.251,135.261
616,2023-05-09 00:09:03,135.25,135.26
617,2023-05-09 00:09:04,135.249,135.259
618,2023-05-09 00:09:04,135.251,135.261
619,2023-05-09 00:09:05,135.248,135.258
620,2023-05-09 00:09:07,135.249,135.259
621,2023-05-09 00:09:07,135.253,135.263
622,2023-05-09 00:09:07,135.25,135.26
623,2023-05-09 00:09:07,135.249,135.259
624,2023-05-09 00:09:09,135.251,135.261
625,2023-05-09 00:09:09,135.252,135.262
626,2023-05-09 00:09:10,135.253,135.263
627,2023-05-09 00:09:10,135.254,135.264
628,2023-05-09 00:09:11,135.253,135.263
629,2023-05-09 00:09:11,135.252,135.262
630,2023-05-09 00:09:12,135.247,135.257
631,2023-05-09 00:09:12,135.248,135.258
632,2023-05-09 00:09:14,135.247,135.257
633,2023-05-09 00:09:14,135.245,135.255
634,2023-05-09 00:09:14,135.246,135.256
635,2023-05-09 00:09:15,135.251,135.261
636,2023-05-09 00:09:15,135.256,135.266
637,2023-05-09 00:09:17,135.252,135.262
638,2023-05-09 00:09:17,135.249,135.259
639,2023-05-09 00:09:17,135.248,135.258
640,2023-05-09 00:09:18,135.249,135.259
641,2023-05-09 00:09:21,135.25,135.26
642,2023-05-09 00:09:21,135.254,135.264
643,2023-05-09 00:09:22,135.257,135.267
644,2023-05-09 00:09:22,135.253,135.263
645,2023-05-09 00:09:22,135.254,135.264
646,2023-05-09 00:09:24,135.255,135.265
647,2023-05-09 00:09:27,135.254,135.264
648,2023-05-09 00:09:28,135.253,135.263
649,2023-05-09 00:09:31,135.252,135.262
650,2023-05-09 00:09:33,135.249,135.259
651,2023-05-09 00:09:33,135.248,135.258
652,2023-05-09 00:09:33,135.249,135.259
653,2023-05-09 00:09:33,135.247,135.257
654,2023-05-09 00:09:34,135.246,135.256
655,2023-05-09 00:09:34,135.247,135.257
656,2023-05-09 00:09:34,135.246,135.256
657,2023-05-09 00:09:35,135.245,135.255
658,2023-05-09 00:09:37,135.247,135.257
659,2023-05-09 00:09:38,135.251,135.261
660,2023-05-09 00:09:38,135.252,135.262
661,2023-05-09 00:09:38,135.247,135.257
662,2023-05-09 00:09:39,135.248,135.258
663,2023-05-09 00:09:40,135.249,135.259
664,2023-05-09 00:09:40,135.253,135.263
665,2023-05-09 00:09:40,135.254,135.264
666,2023-05-09 00:09:44,135.253,135.263
667,2023-05-09 00:09:44,135.249,135.259
668,2023-05-09 00:09:45,135.248,135.258
669,2023-05-09 00:09:46,135.252,135.262
670,2023-05-09 00:09:52,135.258,135.268
671,2023-05-09 00:09:57,135.249,135.259
672,2023-05-09 00:09:58,135.252,135.262
673,2023-05-09 00:09:58,135.253,135.263
674,2023-05-09 00:09:58,135.252,135.262
675,2023-05-09 00:09:58,135.253,135.263
676,2023-05-09 00:09:58,135.25,135.26
677,2023-05-09 00:09:59,135.249,135.259
678,2023-05-09 00:10:00,135.249,135.259
679,2023-05-09 00:10:00,135.247,135.257
680,2023-05-09 00:10:02,135.249,135.259
681,2023-05-09 00:10:07,135.248,135.258
682,2023-05-09 00:10:08,135.249,135.259
683,2023-05-09 00:10:10,135.248,135.258
684,2023-05-09 00:10:11,135.247,135.257
685,2023-05-09 00:10:12,135.248,135.258
686,2023-05-09 00:10:13,135.247,135.257
687,2023-05-09 00:10:25,135.246,135.256
688,2023-05-09 00:10:26,135.254,135.264
689,2023-05-09 00:10:26,135.255,135.265
690,2023-05-09 00:10:27,135.254,135.264
691,2023-05-09 00:10:29,135.247,135.257
692,2023-05-09 00:10:32,135.245,135.255
693,2023-05-09 00:10:32,135.246,135.256
694,2023-05-09 00:10:34,135.247,135.257
695,2023-05-09 00:10:34,135.249,135.259
696,2023-05-09 00:10:35,135.25,135.26
697,2023-05-09 00:10:36,135.249,135.259
698,2023-05-09 00:10:36,135.255,135.265
699,2023-05-09 00:10:37,135.254,135.264
700,2023-05-09 00:10:37,135.255,135.265
701,2023-05-09 00:10:38,135.256,135.266
702,2023-05-09 00:10:40,135.249,135.259
703,2023-05-09 00:10:40,135.252,135.262
704,2023-05-09 00:10:40,135.248,135.258
705,2023-05-09 00:10:45,135.247,135.257
706,2023-05-09 00:10:47,135.248,135.258
707,2023-05-09 00:10:48,135.241,135.251
708,2023-05-09 00:10:52,135.24,135.25
709,2023-05-09 00:10:53,135.245,135.255
710,2023-05-09 00:10:54,135.244,135.254
711,2023-05-09 00:10:54,135.245,135.255
712,2023-05-09 00:10:54,135.246,135.256
713,2023-05-09 00:10:55,135.247,135.257
714,2023-05-09 00:10:55,135.246,135.256
715,2023-05-09 00:10:56,135.244,135.254
716,2023-05-09 00:10:58,135.246,135.256
717,2023-05-09 00:10:58,135.249,135.259
718,2023-05-09 00:10:58,135.254,135.264
719,2023-05-09 00:10:59,135.253,135.263
720,2023-05-09 00:11:00,135.253,135.263
721,2023-05-09 00:11:00,135.249,135.259
722,2023-05-09 00:11:01,135.251,135.261
723,2023-05-09 00:11:03,135.252,135.262
724,2023-05-09 00:11:03,135.251,135.261
725,2023-05-09 00:11:04,135.25,135.26
726,2023-05-09 00:11:04,135.251,135.261
727,2023-05-09 00:11:05,135.25,135.26
728,2023-05-09 00:11:05,135.247,135.257
729,2023-05-09 00:11:05,135.245,135.255
730,2023-05-09 00:11:08,135.244,135.254
731,2023-05-09 00:11:11,135.236,135.246
732,2023-05-09 00:11:11,135.235,135.245
733,2023-05-09 00:11:12,135.233,135.243
734,2023-05-09 00:11:16,135.226,135.236
735,2023-05-09 00:11:16,135.227,135.237
736,2023-05-09 00:11:16,135.228,135.238
737,2023-05-09 00:11:16,135.229,135.239
738,2023-05-09 00:11:23,135.231,135.241
739,2023-05-09 00:11:23,135.232,135.242
740,2023-05-09 00:11:24,135.233,135.243
741,2023-05-09 00:11:25,135.232,135.242
742,2023-05-09 00:11:25,135.233,135.243
743,2023-05-09 00:11:26,135.234,135.244
744,2023-05-09 00:11:27,135.235,135.245
745,2023-05-09 00:11:27,135.232,135.242
746,2023-05-09 00:11:27,135.233,135.243
747,2023-05-09 00:11:27,135.232,135.242
748,2023-05-09 00:11:28,135.233,135.243
749,2023-05-09 00:11:28,135.232,135.242
750,2023-05-09 00:11:29,135.233,135.243
751,2023-05-09 00:11:29,135.232,135.242
752,2023-05-09 00:11:30,135.231,135.241
753,2023-05-09 00:11:31,135.232,135.242
754,2023-05-09 00:11:31,135.231,135.241
755,2023-05-09 00:11:32,135.232,135.242
756,2023-05-09 00:11:35,135.233,135.243
757,2023-05-09 00:11:35,135.232,135.242
758,2023-05-09 00:11:36,135.231,135.241
759,2023-05-09 00:11:36,135.236,135.246
760,2023-05-09 00:11:37,135.235,135.245
761,2023-05-09 00:11:37,135.239,135.249
762,2023-05-09 00:11:37,135.24,135.25
763,2023-05-09 00:11:37,135.239,135.249
764,2023-05-09 00:11:38,135.241,135.251
765,2023-05-09 00:11:39,135.242,135.252
766,2023-05-09 00:11:39,135.241,135.251
767,2023-05-09 00:11:40,135.242,135.252
768,2023-05-09 00:11:40,135.243,135.253
769,2023-05-09 00:11:41,135.242,135.252
770,2023-05-09 00:11:41,135.243,135.253
771,2023-05-09 00:11:41,135.244,135.254
772,2023-05-09 00:11:42,135.243,135.253
773,2023-05-09 00:11:44,135.25,135.26
774,2023-05-09 00:11:44,135.251,135.261
775,2023-05-09 00:11:45,135.25,135.26
776,2023-05-09 00:11:52,135.249,135.259
777,2023-05-09 00:11:52,135.25,135.26
778,2023-05-09 00:11:52,135.254,135.264
779,2023-05-09 00:11:52,135.255,135.265
780,2023-05-09 00:11:58,135.258,135.268
781,2023-05-09 00:11:59,135.255,135.265
782,2023-05-09 00:12:01,135.25,135.26
783,2023-05-09 00:12:01,135.247,135.257
784,2023-05-09 00:12:01,135.244,135.254
785,2023-05-09 00:12:01,135.242,135.252
786,2023-05-09 00:12:01,135.243,135.253
787,2023-05-09 00:12:03,135.249,135.259
788,2023-05-09 00:12:03,135.25,135.26
789,2023-05-09 00:12:03,135.251,135.261
790,2023-05-09 00:12:03,135.252,135.262
791,2023-05-09 00:12:04,135.253,135.263
792,2023-05-09 00:12:04,135.254,135.264
793,2023-05-09 00:12:04,135.255,135.265
794,2023-05-09 00:12:06,135.253,135.263
795,2023-05-09 00:12:07,135.256,135.266
796,2023-05-09 00:12:07,135.257,135.267
797,2023-05-09 00:12:07,135.256,135.266
798,2023-05-09 00:12:11,135.251,135.261
799,2023-05-09 00:12:11,135.253,135.263
800,2023-05-09 00:12:13,135.254,135.264
801,2023-05-09 00:12:14,135.255,135.265
802,2023-05-09 00:12:18,135.254,135.264
803,2023-05-09 00:12:20,135.26,135.27
804,2023-05-09 00:12:23,135.261,135.271
805,2023-05-09 00:12:27,135.256,135.266
806,2023-05-09 00:12:27,135.255,135.265
807,2023-05-09 00:12:31,135.252,135.262
808,2023-05-09 00:12:33,135.253,135.263
809,2023-05-09 00:12:36,135.258,135.268
810,2023-05-09 00:12:36,135.259,135.269
811,2023-05-09 00:12:36,135.254,135.264
812,2023-05-09 00:12:39,135.252,135.262
813,2023-05-09 00:12:43,135.253,135.263
814,2023-05-09 00:12:44,135.252,135.262
815,2023-05-09 00:12:44,135.253,135.263
816,2023-05-09 00:12:44,135.252,135.262
817,2023-05-09 00:12:44,135.253,135.263
818,2023-05-09 00:12:44,135.255,135.265
819,2023-05-09 00:12:44,135.258,135.268
820,2023-05-09 00:12:45,135.259,135.269
821,2023-05-09 00:12:46,135.256,135.266
822,2023-05-09 00:12:47,135.255,135.265
823,2023-05-09 00:12:48,135.259,135.269
824,2023-05-09 00:12:48,135.261,135.271
825,2023-05-09 00:12:49,135.262,135.272
826,2023-05-09 00:12:52,135.269,135.279
827,2023-05-09 00:12:52,135.27,135.28
828,2023-05-09 00:12:52,135.267,135.277
829,2023-05-09 00:12:52,135.268,135.278
830,2023-05-09 00:12:52,135.27,135.28
831,2023-05-09 00:12:53,135.271,135.281
832,2023-05-09 00:12:54,135.272,135.282
833,2023-05-09 00:12:54,135.28,135.29
834,2023-05-09 00:12:55,135.281,135.291
835,2023-05-09 00:12:57,135.283,135.293
836,2023-05-09 00:12:58,135.284,135.294
837,2023-05-09 00:12:59,135.281,135.291
838,2023-05-09 00:13:00,135.281,135.291
839,2023-05-09 00:13:02,135.282,135.292
840,2023-05-09 00:13:03,135.284,135.294
841,2023-05-09 00:13:03,135.283,135.293
842,2023-05-09 00:13:04,135.281,135.291
843,2023-05-09 00:13:05,135.283,135.293
844,2023-05-09 00:13:05,135.287,135.297
845,2023-05-09 00:13:06,135.29,135.3
846,2023-05-09 00:13:06,135.291,135.301
847,2023-05-09 00:13:08,135.292,135.302
848,2023-05-09 00:13:10,135.29,135.3
849,2023-05-09 00:13:11,135.291,135.301
850,2023-05-09 00:13:11,135.293,135.303
851,2023-05-09 00:13:11,135.291,135.301
852,2023-05-09 00:13:12,135.29,135.3
853,2023-05-09 00:13:12,135.292,135.302
854,2023-05-09 00:13:12,135.291,135.301
855,2023-05-09 00:13:14,135.29,135.3
856,2023-05-09 00:13:15,135.292,135.302
857,2023-05-09 00:13:16,135.291,135.301
858,2023-05-09 00:13:16,135.289,135.299
859,2023-05-09 00:13:16,135.29,135.3
860,2023-05-09 00:13:20,135.288,135.298
861,2023-05-09 00:13:20,135.29,135.3
862,2023-05-09 00:13:20,135.289,135.299
863,2023-05-09 00:13:21,135.29,135.3
864,2023-05-09 00:13:21,135.288,135.298
865,2023-05-09 00:13:22,135.286,135.296
866,2023-05-09 00:13:24,135.283,135.293
867,2023-05-09 00:13:24,135.282,135.292
868,2023-05-09 00:13:25,135.281,135.291
869,2023-05-09 00:13:26,135.279,135.289
870,2023-05-09 00:13:26,135.28,135.29
871,2023-05-09 00:13:26,135.278,135.288
872,2023-05-09 00:13:27,135.277,135.287
873,2023-05-09 00:13:28,135.272,135.282
874,2023-05-09 00:13:29,135.271,135.281
875,2023-05-09 00:13:39,135.278,135.288
876,2023-05-09 00:13:39,135.28,135.29
877,2023-05-09 00:13:39,135.281,135.291
878,2023-05-09 00:13:41,135.28,135.29
879,2023-05-09 00:13:50,135.281,135.291
880,2023-05-09 00:13:52,135.282,135.292
881,2023-05-09 00:13:53,135.281,135.291
882,2023-05-09 00:13:54,135.282,135.292
883,2023-05-09 00:13:54,135.281,135.291
884,2023-05-09 00:13:55,135.283,135.293
885,2023-05-09 00:13:55,135.282,135.292
886,2023-05-09 00:13:57,135.283,135.293
887,2023-05-09 00:14:00,135.283,135.293
888,2023-05-09 00:14:01,135.282,135.292
889,2023-05-09 00:14:01,135.283,135.293
890,2023-05-09 00:14:03,135.284,135.294
891,2023-05-09 00:14:05,135.287,135.297
892,2023-05-09 00:14:05,135.289,135.299
893,2023-05-09 00:14:09,135.29,135.3
894,2023-05-09 00:14:09,135.291,135.301
895,2023-05-09 00:14:09,135.29,135.3
896,2023-05-09 00:14:13,135.289,135.299
897,2023-05-09 00:14:13,135.28,135.29
898,2023-05-09 00:14:16,135.281,135.291
899,2023-05-09 00:14:16,135.28,135.29
900,2023-05-09 00:14:23,135.281,135.291
901,2023-05-09 00:14:23,135.28,135.29
902,2023-05-09 00:14:23,135.281,135.291
903,2023-05-09 00:14:23,135.282,135.292
904,2023-05-09 00:14:24,135.281,135.291
905,2023-05-09 00:14:25,135.282,135.292
906,2023-05-09 00:14:26,135.28,135.29
907,2023-05-09 00:14:28,135.281,135.291
908,2023-05-09 00:14:28,135.283,135.293
909,2023-05-09 00:14:29,135.282,135.292
910,2023-05-09 00:14:31,135.284,135.294
911,2023-05-09 00:14:32,135.285,135.295
912,2023-05-09 00:14:34,135.284,135.294
913,2023-05-09 00:14:34,135.288,135.298
914,2023-05-09 00:14:35,135.289,135.299
915,2023-05-09 00:14:36,135.295,135.305
916,2023-05-09 00:14:36,135.299,135.309
917,2023-05-09 00:14:36,135.3,135.31
918,2023-05-09 00:14:37,135.315,135.325
919,2023-05-09 00:14:37,135.313,135.323
920,2023-05-09 00:14:37,135.315,135.325
921,2023-05-09 00:14:38,135.317,135.327
922,2023-05-09 00:14:38,135.314,135.324
923,2023-05-09 00:14:38,135.313,135.323
924,2023-05-09 00:14:40,135.315,135.325
925,2023-05-09 00:14:40,135.314,135.324
926,2023-05-09 00:14:40,135.313,135.323
927,2023-05-09 00:14:41,135.315,135.325
928,2023-05-09 00:14:43,135.319,135.329
929,2023-05-09 00:14:43,135.318,135.328
930,2023-05-09 00:14:44,135.32,135.33
931,2023-05-09 00:14:44,135.319,135.329
932,2023-05-09 00:14:45,135.318,135.328
933,2023-05-09 00:14:45,135.319,135.329
934,2023-05-09 00:14:46,135.32,135.33
935,2023-05-09 00:14:46,135.317,135.327
936,2023-05-09 00:14:47,135.318,135.328
937,2023-05-09 00:14:48,135.319,135.329
938,2023-05-09 00:14:49,135.321,135.331
939,2023-05-09 00:14:49,135.32,135.33
940,2023-05-09 00:14:49,135.319,135.329
941,2023-05-09 00:14:50,135.315,135.325
942,2023-05-09 00:14:53,135.316,135.326
943,2023-05-09 00:14:53,135.322,135.332
944,2023-05-09 00:14:53,135.321,135.331
945,2023-05-09 00:14:54,135.32,135.33
946,2023-05-09 00:14:54,135.318,135.328
947,2023-05-09 00:14:54,135.316,135.326
948,2023-05-09 00:14:55,135.317,135.327
949,2023-05-09 00:14:56,135.314,135.324
950,2023-05-09 00:14:56,135.316,135.326
951,2023-05-09 00:14:57,135.311,135.321
952,2023-05-09 00:14:57,135.312,135.322
953,2023-05-09 00:14:58,135.311,135.321
954,2023-05-09 00:14:59,135.31,135.32
955,2023-05-09 00:14:59,135.307,135.317
956,2023-05-09 00:15:00,135.306,135.316
957,2023-05-09 00:15:01,135.307,135.317
958,2023-05-09 00:15:01,135.305,135.315
959,2023-05-09 00:15:01,135.303,135.313
960,2023-05-09 00:15:01,135.304,135.314
961,2023-05-09 00:15:01,135.303,135.313
962,2023-05-09 00:15:01,135.304,135.314
963,2023-05-09 00:15:02,135.299,135.309
964,2023-05-09 00:15:02,135.3,135.31
965,2023-05-09 00:15:02,135.299,135.309
966,2023-05-09 00:15:03,135.298,135.308
967,2023-05-09 00:15:03,135.299,135.309
968,2023-05-09 00:15:04,135.298,135.308
969,2023-05-09 00:15:04,135.289,135.299
970,2023-05-09 00:15:04,135.288,135.298
971,2023-05-09 00:15:05,135.285,135.295
972,2023-05-09 00:15:05,135.284,135.294
973,2023-05-09 00:15:06,135.285,135.295
974,2023-05-09 00:15:06,135.284,135.294
975,2023-05-09 00:15:07,135.285,135.295
976,2023-05-09 00:15:08,135.28,135.29
977,2023-05-09 00:15:09,135.287,135.297
978,2023-05-09 00:15:09,135.288,135.298
979,2023-05-09 00:15:09,135.298,135.308
980,2023-05-09 00:15:09,135.299,135.309
981,2023-05-09 00:15:10,135.298,135.308
982,2023-05-09 00:15:10,135.297,135.307
983,2023-05-09 00:15:11,135.299,135.309
984,2023-05-09 00:15:12,135.3,135.31
985,2023-05-09 00:15:15,135.299,135.309
986,2023-05-09 00:15:16,135.298,135.308
987,2023-05-09 00:15:18,135.289,135.299
988,2023-05-09 00:15:19,135.29,135.3
989,2023-05-09 00:15:19,135.289,135.299
990,2023-05-09 00:15:20,135.29,135.3
991,2023-05-09 00:15:20,135.289,135.299
992,2023-05-09 00:15:21,135.288,135.298
993,2023-05-09 00:15:22,135.289,135.299
994,2023-05-09 00:15:27,135.288,135.298
995,2023-05-09 00:15:29,135.289,135.299
996,2023-05-09 00:15:29,135.288,135.298
997,2023-05-09 00:15:32,135.283,135.293
998,2023-05-09 00:15:33,135.284,135.294
999,2023-05-09 00:15:33,135.285,135.295
1000,2023-05-09 00:15:33,135.284,135.294
1001,2023-05-09 00:15:34,135.288,135.298
1002,2023-05-09 00:15:34,135.285,135.295
1003,2023-05-09 00:15:34,135.288,135.298
1004,2023-05-09 00:15:34,135.289,135.299
1005,2023-05-09 00:15:36,135.29,135.3
1006,2023-05-09 00:15:37,135.289,135.299
1007,2023-05-09 00:15:37,135.288,135.298
1008,2023-05-09 00:15:38,135.289,135.299
1009,2023-05-09 00:15:40,135.288,135.298
1010,2023-05-09 00:15:41,135.289,135.299
1011,2023-05-09 00:15:42,135.286,135.296
1012,2023-05-09 00:15:42,135.289,135.299
1013,2023-05-09 00:15:44,135.291,135.301
1014,2023-05-09 00:15:44,135.289,135.299
1015,2023-05-09 00:15:45,135.29,135.3
1016,2023-05-09 00:15:45,135.289,135.299
1017,2023-05-09 00:15:49,135.286,135.296
1018,2023-05-09 00:15:50,135.285,135.295
1019,2023-05-09 00:15:50,135.284,135.294
1020,2023-05-09 00:15:51,135.289,135.299
1021,2023-05-09 00:15:51,135.29,135.3
1022,2023-05-09 00:15:51,135.289,135.299
1023,2023-05-09 00:15:53,135.29,135.3
1024,2023-05-09 00:15:55,135.289,135.299
1025,2023-05-09 00:15:56,135.291,135.301
1026,2023-05-09 00:15:56,135.29,135.3
1027,2023-05-09 00:15:56,135.289,135.299
1028,2023-05-09 00:15:57,135.291,135.301
1029,2023-05-09 00:15:59,135.29,135.3
1030,2023-05-09 00:16:00,135.29,135.3
1031,2023-05-09 00:16:00,135.291,135.301
1032,2023-05-09 00:16:00,135.29,135.3
1033,2023-05-09 00:16:01,135.288,135.298
1034,2023-05-09 00:16:01,135.284,135.294
1035,2023-05-09 00:16:03,135.287,135.297
1036,2023-05-09 00:16:03,135.283,135.293
1037,2023-05-09 00:16:03,135.285,135.295
1038,2023-05-09 00:16:05,135.286,135.296
1039,2023-05-09 00:16:05,135.287,135.297
1040,2023-05-09 00:16:05,135.289,135.299
1041,2023-05-09 00:16:07,135.288,135.298
1042,2023-05-09 00:16:07,135.29,135.3
1043,2023-05-09 00:16:07,135.284,135.294
1044,2023-05-09 00:16:07,135.285,135.295
1045,2023-05-09 00:16:08,135.288,135.298
1046,2023-05-09 00:16:08,135.286,135.296
1047,2023-05-09 00:16:09,135.288,135.298
1048,2023-05-09 00:16:15,135.285,135.295
1049,2023-05-09 00:16:17,135.284,135.294
1050,2023-05-09 00:16:21,135.285,135.295
1051,2023-05-09 00:16:26,135.288,135.298
1052,2023-05-09 00:16:28,135.289,135.299
1053,2023-05-09 00:16:28,135.288,135.298
1054,2023-05-09 00:16:29,135.287,135.297
1055,2023-05-09 00:16:30,135.288,135.298
1056,2023-05-09 00:16:30,135.289,135.299
1057,2023-05-09 00:16:33,135.291,135.301
1058,2023-05-09 00:16:34,135.296,135.306
1059,2023-05-09 00:16:41,135.291,135.301
1060,2023-05-09 00:16:41,135.288,135.298
1061,2023-05-09 00:16:42,135.289,135.299
1062,2023-05-09 00:16:43,135.294,135.304
1063,2023-05-09 00:16:43,135.293,135.303
1064,2023-05-09 00:16:43,135.291,135.301
1065,2023-05-09 00:16:44,135.29,135.3
1066,2023-05-09 00:16:45,135.295,135.305
1067,2023-05-09 00:16:46,135.294,135.304
1068,2023-05-09 00:16:46,135.293,135.303
1069,2023-05-09 00:16:46,135.291,135.301
1070,2023-05-09 00:16:46,135.292,135.302
1071,2023-05-09 00:16:47,135.293,135.303
1072,2023-05-09 00:16:49,135.294,135.304
1073,2023-05-09 00:16:49,135.292,135.302
1074,2023-05-09 00:16:49,135.291,135.301
1075,2023-05-09 00:16:50,135.288,135.298
1076,2023-05-09 00:16:51,135.289,135.299
1077,2023-05-09 00:16:52,135.288,135.298
1078,2023-05-09 00:16:53,135.287,135.297
1079,2023-05-09 00:16:54,135.288,135.298
1080,2023-05-09 00:16:55,135.287,135.297
1081,2023-05-09 00:16:55,135.288,135.298
1082,2023-05-09 00:16:56,135.295,135.305
1083,2023-05-09 00:16:56,135.296,135.306
1084,2023-05-09 00:16:57,135.295,135.305
1085,2023-05-09 00:17:00,135.295,135.305
1086,2023-05-09 00:17:02,135.291,135.301
1087,2023-05-09 00:17:03,135.288,135.298
1088,2023-05-09 00:17:03,135.287,135.297
1089,2023-05-09 00:17:04,135.286,135.296
1090,2023-05-09 00:17:04,135.288,135.298
1091,2023-05-09 00:17:05,135.289,135.299
1092,2023-05-09 00:17:13,135.29,135.3
1093,2023-05-09 00:17:15,135.289,135.299
1094,2023-05-09 00:17:16,135.285,135.295
1095,2023-05-09 00:17:16,135.284,135.294
1096,2023-05-09 00:17:17,135.288,135.298
1097,2023-05-09 00:17:17,135.285,135.295
1098,2023-05-09 00:17:18,135.288,135.298
1099,2023-05-09 00:17:26,135.284,135.294
1100,2023-05-09 00:17:26,135.285,135.295
1101,2023-05-09 00:17:29,135.289,135.299
1102,2023-05-09 00:17:33,135.287,135.297
1103,2023-05-09 00:17:38,135.286,135.296
1104,2023-05-09 00:17:38,135.287,135.297
1105,2023-05-09 00:17:41,135.288,135.298
1106,2023-05-09 00:17:41,135.29,135.3
1107,2023-05-09 00:17:42,135.291,135.301
1108,2023-05-09 00:17:43,135.29,135.3
1109,2023-05-09 00:17:43,135.291,135.301
1110,2023-05-09 00:17:44,135.29,135.3
1111,2023-05-09 00:17:44,135.291,135.301
1112,2023-05-09 00:17:45,135.29,135.3
1113,2023-05-09 00:17:47,135.285,135.295
1114,2023-05-09 00:17:47,135.283,135.293
1115,2023-05-09 00:17:47,135.282,135.292
1116,2023-05-09 00:17:50,135.279,135.289
1117,2023-05-09 00:17:51,135.281,135.291
1118,2023-05-09 00:17:51,135.282,135.292
1119,2023-05-09 00:17:51,135.281,135.291
1120,2023-05-09 00:17:52,135.282,135.292
1121,2023-05-09 00:17:52,135.283,135.293
1122,2023-05-09 00:17:52,135.284,135.294
1123,2023-05-09 00:17:53,135.281,135.291
1124,2023-05-09 00:17:53,135.28,135.29
1125,2023-05-09 00:17:53,135.281,135.291
1126,2023-05-09 00:17:56,135.288,135.298
1127,2023-05-09 00:17:56,135.289,135.299
1128,2023-05-09 00:17:58,135.288,135.298
1129,2023-05-09 00:17:58,135.289,135.299
1130,2023-05-09 00:17:58,135.29,135.3
1131,2023-05-09 00:17:59,135.291,135.301
1132,2023-05-09 00:18:00,135.291,135.301
1133,2023-05-09 00:18:00,135.29,135.3
1134,2023-05-09 00:18:02,135.289,135.299
1135,2023-05-09 00:18:02,135.29,135.3
1136,2023-05-09 00:18:02,135.289,135.299
1137,2023-05-09 00:18:02,135.29,135.3
1138,2023-05-09 00:18:03,135.291,135.301
1139,2023-05-09 00:18:03,135.29,135.3
1140,2023-05-09 00:18:05,135.289,135.299
1141,2023-05-09 00:18:06,135.29,135.3
1142,2023-05-09 00:18:06,135.289,135.299
1143,2023-05-09 00:18:07,135.288,135.298
1144,2023-05-09 00:18:11,135.289,135.299
1145,2023-05-09 00:18:13,135.29,135.3
1146,2023-05-09 00:18:13,135.289,135.299
1147,2023-05-09 00:18:14,135.29,135.3
1148,2023-05-09 00:18:15,135.287,135.297
1149,2023-05-09 00:18:16,135.288,135.298
1150,2023-05-09 00:18:18,135.287,135.297
1151,2023-05-09 00:18:18,135.288,135.298
1152,2023-05-09 00:18:27,135.287,135.297
1153,2023-05-09 00:18:28,135.284,135.294
1154,2023-05-09 00:18:32,135.286,135.296
1155,2023-05-09 00:18:32,135.287,135.297
1156,2023-05-09 00:18:34,135.285,135.295
1157,2023-05-09 00:18:36,135.279,135.289
1158,2023-05-09 00:18:37,135.28,135.29
1159,2023-05-09 00:18:38,135.276,135.286
1160,2023-05-09 00:18:38,135.275,135.285
1161,2023-05-09 00:18:39,135.274,135.284
1162,2023-05-09 00:18:39,135.272,135.282
1163,2023-05-09 00:18:40,135.273,135.283
1164,2023-05-09 00:18:42,135.279,135.289
1165,2023-05-09 00:18:42,135.281,135.291
1166,2023-05-09 00:18:43,135.279,135.289
1167,2023-05-09 00:18:43,135.28,135.29
1168,2023-05-09 00:18:45,135.281,135.291
1169,2023-05-09 00:18:46,135.28,135.29
1170,2023-05-09 00:18:48,135.281,135.291
1171,2023-05-09 00:18:48,135.28,135.29
1172,2023-05-09 00:18:51,135.279,135.289
1173,2023-05-09 00:18:52,135.28,135.29
1174,2023-05-09 00:18:57,135.279,135.289
1175,2023-05-09 00:18:58,135.278,135.288
1176,2023-05-09 00:18:58,135.279,135.289
1177,2023-05-09 00:19:00,135.278,135.288
1178,2023-05-09 00:19:01,135.277,135.287
1179,2023-05-09 00:19:01,135.275,135.285
1180,2023-05-09 00:19:01,135.273,135.283
1181,2023-05-09 00:19:02,135.272,135.282
1182,2023-05-09 00:19:03,135.27,135.28
1183,2023-05-09 00:19:09,135.272,135.282
1184,2023-05-09 00:19:10,135.271,135.281
1185,2023-05-09 00:19:10,135.27,135.28
1186,2023-05-09 00:19:10,135.267,135.277
1187,2023-05-09 00:19:10,135.262,135.272
1188,2023-05-09 00:19:11,135.264,135.274
1189,2023-05-09 00:19:13,135.263,135.273
1190,2023-05-09 00:19:13,135.264,135.274
1191,2023-05-09 00:19:13,135.265,135.275
1192,2023-05-09 00:19:15,135.263,135.273
1193,2023-05-09 00:19:15,135.264,135.274
1194,2023-05-09 00:19:16,135.263,135.273
1195,2023-05-09 00:19:16,135.264,135.274
1196,2023-05-09 00:19:17,135.263,135.273
1197,2023-05-09 00:19:18,135.262,135.272
1198,2023-05-09 00:19:23,135.263,135.273
1199,2023-05-09 00:19:25,135.262,135.272
1200,2023-05-09 00:19:29,135.261,135.271
1201,2023-05-09 00:19:29,135.262,135.272
1202,2023-05-09 00:19:29,135.26,135.27
1203,2023-05-09 00:19:29,135.262,135.272
1204,2023-05-09 00:19:30,135.256,135.266
1205,2023-05-09 00:19:31,135.25,135.26
1206,2023-05-09 00:19:32,135.252,135.262
1207,2023-05-09 00:19:32,135.251,135.261
1208,2023-05-09 00:19:34,135.252,135.262
1209,2023-05-09 00:19:34,135.251,135.261
1210,2023-05-09 00:19:36,135.243,135.253
1211,2023-05-09 00:19:36,135.241,135.251
1212,2023-05-09 00:19:36,135.242,135.252
1213,2023-05-09 00:19:37,135.243,135.253
1214,2023-05-09 00:19:37,135.242,135.252
1215,2023-05-09 00:19:39,135.243,135.253
1216,2023-05-09 00:19:39,135.244,135.254
1217,2023-05-09 00:19:39,135.242,135.252
1218,2023-05-09 00:19:39,135.243,135.253
1219,2023-05-09 00:19:40,135.242,135.252
1220,2023-05-09 00:19:40,135.243,135.253
1221,2023-05-09 00:19:41,135.244,135.254
1222,2023-05-09 00:19:41,135.246,135.256
1223,2023-05-09 00:19:41,135.249,135.259
1224,2023-05-09 00:19:42,135.251,135.261
1225,2023-05-09 00:19:42,135.25,135.26
1226,2023-05-09 00:19:42,135.247,135.257
1227,2023-05-09 00:19:43,135.246,135.256
1228,2023-05-09 00:19:46,135.245,135.255
1229,2023-05-09 00:19:47,135.246,135.256
1230,2023-05-09 00:19:48,135.245,135.255
1231,2023-05-09 00:19:49,135.244,135.254
1232,2023-05-09 00:19:49,135.243,135.253
1233,2023-05-09 00:19:53,135.244,135.254
1234,2023-05-09 00:19:54,135.243,135.253
1235,2023-05-09 00:19:54,135.242,135.252
1236,2023-05-09 00:19:56,135.243,135.253
1237,2023-05-09 00:19:57,135.242,135.252
1238,2023-05-09 00:19:58,135.236,135.246
1239,2023-05-09 00:19:58,135.24,135.25
1240,2023-05-09 00:19:58,135.238,135.248
1241,2023-05-09 00:19:59,135.237,135.247
1242,2023-05-09 00:19:59,135.234,135.244
1243,2023-05-09 00:19:59,135.233,135.243
1244,2023-05-09 00:20:00,135.228,135.238
1245,2023-05-09 00:20:00,135.229,135.239
1246,2023-05-09 00:20:00,135.227,135.237
1247,2023-05-09 00:20:00,135.23,135.24
1248,2023-05-09 00:20:03,135.227,135.237
1249,2023-05-09 00:20:03,135.228,135.238
1250,2023-05-09 00:20:04,135.233,135.243
1251,2023-05-09 00:20:04,135.234,135.244
1252,2023-05-09 00:20:04,135.235,135.245
1253,2023-05-09 00:20:05,135.234,135.244
1254,2023-05-09 00:20:05,135.235,135.245
1255,2023-05-09 00:20:06,135.234,135.244
1256,2023-05-09 00:20:07,135.235,135.245
1257,2023-05-09 00:20:07,135.237,135.247
1258,2023-05-09 00:20:11,135.238,135.248
1259,2023-05-09 00:20:11,135.239,135.249
1260,2023-05-09 00:20:12,135.238,135.248
1261,2023-05-09 00:20:15,135.239,135.249
1262,2023-05-09 00:20:15,135.238,135.248
1263,2023-05-09 00:20:19,135.237,135.247
1264,2023-05-09 00:20:19,135.239,135.249
1265,2023-05-09 00:20:20,135.238,135.248
1266,2023-05-09 00:20:25,135.237,135.247
1267,2023-05-09 00:20:25,135.238,135.248
1268,2023-05-09 00:20:28,135.239,135.249
1269,2023-05-09 00:20:30,135.24,135.25
1270,2023-05-09 00:20:31,135.239,135.249
1271,2023-05-09 00:20:33,135.24,135.25
1272,2023-05-09 00:20:40,135.239,135.249
1273,2023-05-09 00:20:41,135.242,135.252
1274,2023-05-09 00:20:42,135.243,135.253
1275,2023-05-09 00:20:42,135.251,135.261
1276,2023-05-09 00:20:43,135.253,135.263
1277,2023-05-09 00:20:43,135.246,135.256
1278,2023-05-09 00:20:43,135.245,135.255
1279,2023-05-09 00:20:45,135.246,135.256
1280,2023-05-09 00:20:46,135.247,135.257
1281,2023-05-09 00:20:48,135.246,135.256
1282,2023-05-09 00:20:49,135.247,135.257
1283,2023-05-09 00:20:50,135.246,135.256
1284,2023-05-09 00:20:51,135.253,135.263
1285,2023-05-09 00:20:51,135.254,135.264
1286,2023-05-09 00:20:51,135.253,135.263
1287,2023-05-09 00:20:52,135.254,135.264
1288,2023-05-09 00:20:52,135.253,135.263
1289,2023-05-09 00:20:53,135.254,135.264
1290,2023-05-09 00:20:55,135.255,135.265
1291,2023-05-09 00:20:55,135.254,135.264
1292,2023-05-09 00:20:55,135.255,135.265
1293,2023-05-09 00:20:56,135.256,135.266
1294,2023-05-09 00:20:56,135.257,135.267
1295,2023-05-09 00:20:57,135.256,135.266
1296,2023-05-09 00:20:58,135.255,135.265
1297,2023-05-09 00:21:00,135.255,135.265
1298,2023-05-09 00:21:00,135.256,135.266
1299,2023-05-09 00:21:01,135.259,135.269
1300,2023-05-09 00:21:01,135.257,135.267
1301,2023-05-09 00:21:03,135.258,135.268
1302,2023-05-09 00:21:06,135.257,135.267
1303,2023-05-09 00:21:07,135.256,135.266
1304,2023-05-09 00:21:07,135.255,135.265
1305,2023-05-09 00:21:07,135.256,135.266
1306,2023-05-09 00:21:09,135.255,135.265
1307,2023-05-09 00:21:09,135.256,135.266
1308,2023-05-09 00:21:10,135.255,135.265
1309,2023-05-09 00:21:11,135.256,135.266
1310,2023-05-09 00:21:12,135.257,135.267
1311,2023-05-09 00:21:12,135.256,135.266
1312,2023-05-09 00:21:15,135.255,135.265
1313,2023-05-09 00:21:15,135.256,135.266
1314,2023-05-09 00:21:15,135.264,135.274
1315,2023-05-09 00:21:15,135.263,135.273
1316,2023-05-09 00:21:16,135.264,135.274
1317,2023-05-09 00:21:17,135.266,135.276
1318,2023-05-09 00:21:17,135.265,135.275
1319,2023-05-09 00:21:19,135.266,135.276
1320,2023-05-09 00:21:20,135.267,135.277
1321,2023-05-09 00:21:20,135.266,135.276
1322,2023-05-09 00:21:22,135.264,135.274
1323,2023-05-09 00:21:24,135.265,135.275
1324,2023-05-09 00:21:24,135.266,135.276
1325,2023-05-09 00:21:25,135.269,135.279
1326,2023-05-09 00:21:25,135.267,135.277
1327,2023-05-09 00:21:26,135.266,135.276
1328,2023-05-09 00:21:26,135.265,135.275
1329,2023-05-09 00:21:27,135.266,135.276
1330,2023-05-09 00:21:27,135.265,135.275
1331,2023-05-09 00:21:31,135.268,135.278
1332,2023-05-09 00:21:31,135.269,135.279
1333,2023-05-09 00:21:32,135.27,135.28
1334,2023-05-09 00:21:36,135.269,135.279
1335,2023-05-09 00:21:36,135.267,135.277
1336,2023-05-09 00:21:36,135.268,135.278
1337,2023-05-09 00:21:36,135.269,135.279
1338,2023-05-09 00:21:37,135.27,135.28
1339,2023-05-09 00:21:38,135.272,135.282
1340,2023-05-09 00:21:41,135.273,135.283
1341,2023-05-09 00:21:41,135.274,135.284
1342,2023-05-09 00:21:44,135.273,135.283
1343,2023-05-09 00:21:45,135.272,135.282
1344,2023-05-09 00:21:46,135.273,135.283
1345,2023-05-09 00:21:46,135.274,135.284
1346,2023-05-09 00:21:46,135.273,135.283
1347,2023-05-09 00:21:50,135.274,135.284
1348,2023-05-09 00:21:51,135.273,135.283
1349,2023-05-09 00:21:52,135.274,135.284
1350,2023-05-09 00:21:57,135.273,135.283
1351,2023-05-09 00:21:59,135.274,135.284
1352,2023-05-09 00:22:00,135.274,135.284
1353,2023-05-09 00:22:01,135.273,135.283
1354,2023-05-09 00:22:01,135.272,135.282
1355,2023-05-09 00:22:02,135.273,135.283
1356,2023-05-09 00:22:08,135.272,135.282
1357,2023-05-09 00:22:10,135.27,135.28
1358,2023-05-09 00:22:10,135.271,135.281
1359,2023-05-09 00:22:12,135.272,135.282
1360,2023-05-09 00:22:13,135.273,135.283
1361,2023-05-09 00:22:20,135.275,135.285
1362,2023-05-09 00:22:26,135.276,135.286
1363,2023-05-09 00:22:28,135.277,135.287
1364,2023-05-09 00:22:28,135.276,135.286
1365,2023-05-09 00:22:29,135.277,135.287
1366,2023-05-09 00:22:30,135.28,135.29
1367,2023-05-09 00:22:30,135.281,135.291
1368,2023-05-09 00:22:31,135.286,135.296
1369,2023-05-09 00:22:31,135.289,135.299
1370,2023-05-09 00:22:31,135.29,135.3
1371,2023-05-09 00:22:31,135.289,135.299
1372,2023-05-09 00:22:36,135.287,135.297
1373,2023-05-09 00:22:37,135.288,135.298
1374,2023-05-09 00:22:43,135.289,135.299
1375,2023-05-09 00:22:43,135.287,135.297
1376,2023-05-09 00:22:46,135.288,135.298
1377,2023-05-09 00:22:47,135.289,135.299
1378,2023-05-09 00:22:52,135.29,135.3
1379,2023-05-09 00:22:55,135.289,135.299
1380,2023-05-09 00:22:55,135.29,135.3
1381,2023-05-09 00:22:56,135.289,135.299
1382,2023-05-09 00:22:57,135.29,135.3
1383,2023-05-09 00:22:57,135.291,135.301
1384,2023-05-09 00:22:57,135.29,135.3
1385,2023-05-09 00:23:01,135.29,135.3
1386,2023-05-09 00:23:01,135.288,135.298
1387,2023-05-09 00:23:07,135.289,135.299
1388,2023-05-09 00:23:07,135.293,135.303
1389,2023-05-09 00:23:08,135.292,135.302
1390,2023-05-09 00:23:08,135.291,135.301
1391,2023-05-09 00:23:09,135.29,135.3
1392,2023-05-09 00:23:10,135.291,135.301
1393,2023-05-09 00:23:10,135.293,135.303
1394,2023-05-09 00:23:11,135.29,135.3
1395,2023-05-09 00:23:11,135.288,135.298
1396,2023-05-09 00:23:14,135.284,135.294
1397,2023-05-09 00:23:14,135.28,135.29
1398,2023-05-09 00:23:14,135.279,135.289
1399,2023-05-09 00:23:16,135.28,135.29
1400,2023-05-09 00:23:17,135.284,135.294
1401,2023-05-09 00:23:17,135.282,135.292
1402,2023-05-09 00:23:18,135.283,135.293
1403,2023-05-09 00:23:18,135.282,135.292
1404,2023-05-09 00:23:18,135.283,135.293
1405,2023-05-09 00:23:19,135.284,135.294
1406,2023-05-09 00:23:19,135.288,135.298
1407,2023-05-09 00:23:19,135.289,135.299
1408,2023-05-09 00:23:21,135.295,135.305
1409,2023-05-09 00:23:22,135.296,135.306
1410,2023-05-09 00:23:22,135.293,135.303
1411,2023-05-09 00:23:26,135.292,135.302
1412,2023-05-09 00:23:26,135.294,135.304
1413,2023-05-09 00:23:26,135.296,135.306
1414,2023-05-09 00:23:27,135.295,135.305
1415,2023-05-09 00:23:27,135.292,135.302
1416,2023-05-09 00:23:29,135.293,135.303
1417,2023-05-09 00:23:29,135.294,135.304
1418,2023-05-09 00:23:29,135.293,135.303
1419,2023-05-09 00:23:29,135.292,135.302
1420,2023-05-09 00:23:30,135.291,135.301
1421,2023-05-09 00:23:33,135.29,135.3
1422,2023-05-09 00:23:33,135.291,135.301
1423,2023-05-09 00:23:33,135.292,135.302
1424,2023-05-09 00:23:33,135.291,135.301
1425,2023-05-09 00:23:34,135.29,135.3
1426,2023-05-09 00:23:35,135.291,135.301
1427,2023-05-09 00:23:37,135.29,135.3
1428,2023-05-09 00:23:37,135.291,135.301
1429,2023-05-09 00:23:37,135.29,135.3
1430,2023-05-09 00:23:40,135.289,135.299
1431,2023-05-09 00:23:41,135.288,135.298
1432,2023-05-09 00:23:41,135.289,135.299
1433,2023-05-09 00:23:50,135.287,135.297
1434,2023-05-09 00:23:50,135.282,135.292
1435,2023-05-09 00:23:51,135.281,135.291
1436,2023-05-09 00:23:51,135.28,135.29
1437,2023-05-09 00:23:51,135.279,135.289
1438,2023-05-09 00:23:57,135.281,135.291
1439,2023-05-09 00:23:57,135.28,135.29
1440,2023-05-09 00:23:57,135.281,135.291
1441,2023-05-09 00:23:58,135.28,135.29
1442,2023-05-09 00:24:00,135.28,135.29
1443,2023-05-09 00:24:00,135.283,135.293
1444,2023-05-09 00:24:00,135.282,135.292
1445,2023-05-09 00:24:00,135.281,135.291
1446,2023-05-09 00:24:01,135.283,135.293
1447,2023-05-09 00:24:02,135.281,135.291
1448,2023-05-09 00:24:02,135.282,135.292
1449,2023-05-09 00:24:03,135.283,135.293
1450,2023-05-09 00:24:03,135.282,135.292
1451,2023-05-09 00:24:03,135.281,135.291
1452,2023-05-09 00:24:06,135.282,135.292
1453,2023-05-09 00:24:06,135.283,135.293
1454,2023-05-09 00:24:06,135.281,135.291
1455,2023-05-09 00:24:08,135.28,135.29
1456,2023-05-09 00:24:08,135.281,135.291
1457,2023-05-09 00:24:09,135.283,135.293
1458,2023-05-09 00:24:13,135.281,135.291
1459,2023-05-09 00:24:15,135.283,135.293
1460,2023-05-09 00:24:16,135.28,135.29
1461,2023-05-09 00:24:21,135.282,135.292
1462,2023-05-09 00:24:22,135.281,135.291
1463,2023-05-09 00:24:27,135.282,135.292
1464,2023-05-09 00:24:28,135.281,135.291
1465,2023-05-09 00:24:29,135.28,135.29
1466,2023-05-09 00:24:30,135.281,135.291
1467,2023-05-09 00:24:32,135.282,135.292
1468,2023-05-09 00:24:34,135.285,135.295
1469,2023-05-09 00:24:34,135.286,135.296
1470,2023-05-09 00:24:35,135.284,135.294
1471,2023-05-09 00:24:35,135.285,135.295
1472,2023-05-09 00:24:37,135.287,135.297
1473,2023-05-09 00:24:37,135.288,135.298
1474,2023-05-09 00:24:38,135.289,135.299
1475,2023-05-09 00:24:39,135.29,135.3
1476,2023-05-09 00:24:40,135.289,135.299
1477,2023-05-09 00:24:40,135.288,135.298
1478,2023-05-09 00:24:41,135.289,135.299
1479,2023-05-09 00:24:41,135.288,135.298
1480,2023-05-09 00:24:42,135.289,135.299
1481,2023-05-09 00:24:42,135.29,135.3
1482,2023-05-09 00:24:57,135.289,135.299
1483,2023-05-09 00:24:59,135.287,135.297
1484,2023-05-09 00:24:59,135.288,135.298
1485,2023-05-09 00:25:00,135.288,135.298
1486,2023-05-09 00:25:06,135.289,135.299
1487,2023-05-09 00:25:07,135.29,135.3
1488,2023-05-09 00:25:08,135.299,135.309
1489,2023-05-09 00:25:08,135.3,135.31
1490,2023-05-09 00:25:09,135.299,135.309
1491,2023-05-09 00:25:11,135.298,135.308
1492,2023-05-09 00:25:12,135.296,135.306
1493,2023-05-09 00:25:13,135.293,135.303
1494,2023-05-09 00:25:13,135.291,135.301
1495,2023-05-09 00:25:14,135.293,135.303
1496,2023-05-09 00:25:14,135.291,135.301
1497,2023-05-09 00:25:14,135.293,135.303
1498,2023-05-09 00:25:15,135.295,135.305
1499,2023-05-09 00:25:16,135.296,135.306
1500,2023-05-09 00:25:17,135.292,135.302
1501,2023-05-09 00:25:17,135.293,135.303
1502,2023-05-09 00:25:18,135.291,135.301
1503,2023-05-09 00:25:19,135.293,135.303
1504,2023-05-09 00:25:19,135.294,135.304
1505,2023-05-09 00:25:22,135.293,135.303
1506,2023-05-09 00:25:26,135.294,135.304
1507,2023-05-09 00:25:26,135.293,135.303
1508,2023-05-09 00:25:26,135.294,135.304
1509,2023-05-09 00:25:26,135.293,135.303
1510,2023-05-09 00:25:27,135.296,135.306
1511,2023-05-09 00:25:27,135.298,135.308
1512,2023-05-09 00:25:28,135.295,135.305
1513,2023-05-09 00:25:28,135.294,135.304
1514,2023-05-09 00:25:30,135.295,135.305
1515,2023-05-09 00:25:32,135.294,135.304
1516,2023-05-09 00:25:32,135.293,135.303
1517,2023-05-09 00:25:34,135.296,135.306
1518,2023-05-09 00:25:40,135.294,135.304
1519,2023-05-09 00:25:41,135.293,135.303
1520,2023-05-09 00:25:44,135.294,135.304
1521,2023-05-09 00:25:44,135.296,135.306
1522,2023-05-09 00:25:46,135.293,135.303
1523,2023-05-09 00:25:48,135.29,135.3
1524,2023-05-09 00:25:48,135.291,135.301
1525,2023-05-09 00:25:48,135.29,135.3
1526,2023-05-09 00:25:51,135.293,135.303
1527,2023-05-09 00:25:53,135.29,135.3
1528,2023-05-09 00:26:00,135.29,135.3
1529,2023-05-09 00:26:05,135.289,135.299
1530,2023-05-09 00:26:10,135.284,135.294
1531,2023-05-09 00:26:10,135.285,135.295
1532,2023-05-09 00:26:12,135.288,135.298
1533,2023-05-09 00:26:12,135.289,135.299
1534,2023-05-09 00:26:14,135.293,135.303
1535,2023-05-09 00:26:14,135.291,135.301
1536,2023-05-09 00:26:15,135.292,135.302
1537,2023-05-09 00:26:15,135.291,135.301
1538,2023-05-09 00:26:19,135.292,135.302
1539,2023-05-09 00:26:20,135.29,135.3
1540,2023-05-09 00:26:30,135.291,135.301
1541,2023-05-09 00:26:34,135.294,135.304
1542,2023-05-09 00:26:36,135.283,135.293
1543,2023-05-09 00:26:37,135.284,135.294
1544,2023-05-09 00:26:37,135.283,135.293
1545,2023-05-09 00:26:39,135.284,135.294
1546,2023-05-09 00:26:40,135.283,135.293
1547,2023-05-09 00:26:40,135.282,135.292
1548,2023-05-09 00:26:41,135.277,135.287
1549,2023-05-09 00:26:41,135.279,135.289
1550,2023-05-09 00:26:46,135.272,135.282
1551,2023-05-09 00:26:46,135.271,135.281
1552,2023-05-09 00:26:47,135.269,135.279
1553,2023-05-09 00:26:48,135.268,135.278
1554,2023-05-09 00:26:49,135.269,135.279
1555,2023-05-09 00:26:49,135.272,135.282
1556,2023-05-09 00:26:50,135.273,135.283
1557,2023-05-09 00:26:51,135.278,135.288
1558,2023-05-09 00:26:51,135.281,135.291
1559,2023-05-09 00:26:51,135.278,135.288
1560,2023-05-09 00:26:51,135.28,135.29
1561,2023-05-09 00:26:52,135.281,135.291
1562,2023-05-09 00:26:52,135.28,135.29
1563,2023-05-09 00:26:54,135.281,135.291
1564,2023-05-09 00:26:54,135.28,135.29
1565,2023-05-09 00:26:55,135.279,135.289
1566,2023-05-09 00:26:55,135.28,135.29
1567,2023-05-09 00:26:56,135.279,135.289
1568,2023-05-09 00:27:00,135.28,135.29
1569,2023-05-09 00:27:01,135.281,135.291
1570,2023-05-09 00:27:02,135.28,135.29
1571,2023-05-09 00:27:04,135.281,135.291
1572,2023-05-09 00:27:05,135.28,135.29
1573,2023-05-09 00:27:07,135.281,135.291
1574,2023-05-09 00:27:08,135.28,135.29
1575,2023-05-09 00:27:09,135.279,135.289
1576,2023-05-09 00:27:09,135.278,135.288
1577,2023-05-09 00:27:10,135.279,135.289
1578,2023-05-09 00:27:10,135.28,135.29
1579,2023-05-09 00:27:10,135.281,135.291
1580,2023-05-09 00:27:11,135.28,135.29
1581,2023-05-09 00:27:12,135.279,135.289
1582,2023-05-09 00:27:16,135.28,135.29
1583,2023-05-09 00:27:21,135.281,135.291
1584,2023-05-09 00:27:21,135.282,135.292
1585,2023-05-09 00:27:22,135.281,135.291
1586,2023-05-09 00:27:22,135.282,135.292
1587,2023-05-09 00:27:24,135.281,135.291
1588,2023-05-09 00:27:25,135.28,135.29
1589,2023-05-09 00:27:26,135.281,135.291
1590,2023-05-09 00:27:27,135.28,135.29
1591,2023-05-09 00:27:28,135.281,135.291
1592,2023-05-09 00:27:28,135.28,135.29
1593,2023-05-09 00:27:29,135.281,135.291
1594,2023-05-09 00:27:29,135.28,135.29
1595,2023-05-09 00:27:32,135.279,135.289
1596,2023-05-09 00:27:36,135.28,135.29
1597,2023-05-09 00:27:37,135.281,135.291
1598,2023-05-09 00:27:38,135.28,135.29
1599,2023-05-09 00:27:38,135.279,135.289
1600,2023-05-09 00:27:42,135.28,135.29
1601,2023-05-09 00:27:42,135.277,135.287
1602,2023-05-09 00:27:46,135.278,135.288
1603,2023-05-09 00:27:55,135.282,135.292
1604,2023-05-09 00:27:55,135.285,135.295
1605,2023-05-09 00:27:55,135.286,135.296
1606,2023-05-09 00:27:56,135.285,135.295
1607,2023-05-09 00:27:57,135.283,135.293
1608,2023-05-09 00:27:57,135.281,135.291
1609,2023-05-09 00:27:57,135.28,135.29
1610,2023-05-09 00:27:58,135.281,135.291
1611,2023-05-09 00:27:59,135.28,135.29
1612,2023-05-09 00:27:59,135.278,135.288
1613,2023-05-09 00:28:00,135.278,135.288
1614,2023-05-09 00:28:00,135.279,135.289
1615,2023-05-09 00:28:04,135.28,135.29
1616,2023-05-09 00:28:07,135.279,135.289
1617,2023-05-09 00:28:11,135.273,135.283
1618,2023-05-09 00:28:11,135.271,135.281
1619,2023-05-09 00:28:12,135.272,135.282
1620,2023-05-09 00:28:12,135.269,135.279
1621,2023-05-09 00:28:12,135.271,135.281
1622,2023-05-09 00:28:12,135.273,135.283
1623,2023-05-09 00:28:13,135.272,135.282
1624,2023-05-09 00:28:14,135.273,135.283
1625,2023-05-09 00:28:14,135.27,135.28
1626,2023-05-09 00:28:16,135.272,135.282
1627,2023-05-09 00:28:16,135.271,135.281
1628,2023-05-09 00:28:17,135.27,135.28
1629,2023-05-09 00:28:17,135.277,135.287
1630,2023-05-09 00:28:17,135.278,135.288
1631,2023-05-09 00:28:19,135.279,135.289
1632,2023-05-09 00:28:22,135.278,135.288
1633,2023-05-09 00:28:22,135.277,135.287
1634,2023-05-09 00:28:22,135.281,135.291
1635,2023-05-09 00:28:23,135.287,135.297
1636,2023-05-09 00:28:23,135.288,135.298
1637,2023-05-09 00:28:24,135.289,135.299
1638,2023-05-09 00:28:25,135.294,135.304
1639,2023-05-09 00:28:26,135.301,135.311
1640,2023-05-09 00:28:28,135.299,135.309
1641,2023-05-09 00:28:28,135.3,135.31
1642,2023-05-09 00:28:30,135.301,135.311
1643,2023-05-09 00:28:30,135.302,135.312
1644,2023-05-09 00:28:32,135.3,135.31
1645,2023-05-09 00:28:35,135.299,135.309
1646,2023-05-09 00:28:36,135.302,135.312
1647,2023-05-09 00:28:39,135.3,135.31
1648,2023-05-09 00:28:42,135.299,135.309
1649,2023-05-09 00:28:42,135.298,135.308
1650,2023-05-09 00:28:43,135.297,135.307
1651,2023-05-09 00:28:43,135.299,135.309
1652,2023-05-09 00:28:43,135.3,135.31
1653,2023-05-09 00:28:44,135.299,135.309
1654,2023-05-09 00:28:46,135.301,135.311
1655,2023-05-09 00:28:50,135.3,135.31
1656,2023-05-09 00:28:51,135.299,135.309
1657,2023-05-09 00:29:00,135.299,135.309
1658,2023-05-09 00:29:00,135.301,135.311
1659,2023-05-09 00:29:02,135.302,135.312
1660,2023-05-09 00:29:03,135.304,135.314
1661,2023-05-09 00:29:04,135.303,135.313
1662,2023-05-09 00:29:04,135.3,135.31
1663,2023-05-09 00:29:04,135.301,135.311
1664,2023-05-09 00:29:05,135.302,135.312
1665,2023-05-09 00:29:08,135.301,135.311
1666,2023-05-09 00:29:08,135.302,135.312
1667,2023-05-09 00:29:11,135.311,135.321
1668,2023-05-09 00:29:12,135.31,135.32
1669,2023-05-09 00:29:15,135.311,135.321
1670,2023-05-09 00:29:17,135.31,135.32
1671,2023-05-09 00:29:17,135.311,135.321
1672,2023-05-09 00:29:18,135.314,135.324
1673,2023-05-09 00:29:20,135.315,135.325
1674,2023-05-09 00:29:20,135.314,135.324
1675,2023-05-09 00:29:20,135.315,135.325
1676,2023-05-09 00:29:21,135.32,135.33
1677,2023-05-09 00:29:21,135.321,135.331
1678,2023-05-09 00:29:21,135.32,135.33
1679,2023-05-09 00:29:21,135.319,135.329
1680,2023-05-09 00:29:22,135.315,135.325
1681,2023-05-09 00:29:22,135.313,135.323
1682,2023-05-09 00:29:22,135.312,135.322
1683,2023-05-09 00:29:23,135.311,135.321
1684,2023-05-09 00:29:23,135.312,135.322
1685,2023-05-09 00:29:23,135.311,135.321
1686,2023-05-09 00:29:24,135.31,135.32
1687,2023-05-09 00:29:30,135.313,135.323
1688,2023-05-09 00:29:30,135.312,135.322
1689,2023-05-09 00:29:38,135.316,135.326
1690,2023-05-09 00:29:38,135.319,135.329
1691,2023-05-09 00:29:38,135.317,135.327
1692,2023-05-09 00:29:39,135.318,135.328
1693,2023-05-09 00:29:39,135.319,135.329
1694,2023-05-09 00:29:39,135.316,135.326
1695,2023-05-09 00:29:39,135.317,135.327
1696,2023-05-09 00:29:42,135.316,135.326
1697,2023-05-09 00:29:44,135.317,135.327
1698,2023-05-09 00:29:46,135.316,135.326
1699,2023-05-09 00:29:47,135.314,135.324
1700,2023-05-09 00:29:53,135.312,135.322
1701,2023-05-09 00:29:53,135.309,135.319
1702,2023-05-09 00:29:53,135.31,135.32
1703,2023-05-09 00:29:54,135.309,135.319
1704,2023-05-09 00:29:55,135.308,135.318
1705,2023-05-09 00:29:55,135.306,135.316
1706,2023-05-09 00:29:59,135.302,135.312
1707,2023-05-09 00:29:59,135.299,135.309
1708,2023-05-09 00:30:00,135.299,135.309
1709,2023-05-09 00:30:00,135.296,135.306
1710,2023-05-09 00:30:02,135.297,135.307
1711,2023-05-09 00:30:02,135.298,135.308
1712,2023-05-09 00:30:03,135.299,135.309
1713,2023-05-09 00:30:04,135.298,135.308
1714,2023-05-09 00:30:07,135.291,135.301
1715,2023-05-09 00:30:07,135.29,135.3
1716,2023-05-09 00:30:08,135.283,135.293
1717,2023-05-09 00:30:08,135.278,135.288
1718,2023-05-09 00:30:09,135.279,135.289
1719,2023-05-09 00:30:10,135.275,135.285
1720,2023-05-09 00:30:10,135.276,135.286
1721,2023-05-09 00:30:10,135.275,135.285
1722,2023-05-09 00:30:11,135.279,135.289
1723,2023-05-09 00:30:11,135.28,135.29
1724,2023-05-09 00:30:11,135.275,135.285
1725,2023-05-09 00:30:12,135.274,135.284
1726,2023-05-09 00:30:12,135.273,135.283
1727,2023-05-09 00:30:14,135.27,135.28
1728,2023-05-09 00:30:15,135.269,135.279
1729,2023-05-09 00:30:15,135.27,135.28
1730,2023-05-09 00:30:15,135.271,135.281
1731,2023-05-09 00:30:15,135.272,135.282
1732,2023-05-09 00:30:15,135.271,135.281
1733,2023-05-09 00:30:17,135.27,135.28
1734,2023-05-09 00:30:19,135.269,135.279
1735,2023-05-09 00:30:19,135.262,135.272
1736,2023-05-09 00:30:19,135.259,135.269
1737,2023-05-09 00:30:20,135.26,135.27
1738,2023-05-09 00:30:20,135.259,135.269
1739,2023-05-09 00:30:20,135.26,135.27
1740,2023-05-09 00:30:21,135.259,135.269
1741,2023-05-09 00:30:21,135.26,135.27
1742,2023-05-09 00:30:21,135.261,135.271
1743,2023-05-09 00:30:22,135.26,135.27
1744,2023-05-09 00:30:22,135.261,135.271
1745,2023-05-09 00:30:23,135.262,135.272
1746,2023-05-09 00:30:23,135.264,135.274
1747,2023-05-09 00:30:24,135.272,135.282
1748,2023-05-09 00:30:24,135.27,135.28
1749,2023-05-09 00:30:24,135.272,135.282
1750,2023-05-09 00:30:24,135.271,135.281
1751,2023-05-09 00:30:25,135.269,135.279
1752,2023-05-09 00:30:25,135.27,135.28
1753,2023-05-09 00:30:26,135.275,135.285
1754,2023-05-09 00:30:26,135.277,135.287
1755,2023-05-09 00:30:30,135.28,135.29
1756,2023-05-09 00:30:30,135.281,135.291
1757,2023-05-09 00:30:30,135.282,135.292
1758,2023-05-09 00:30:31,135.287,135.297
1759,2023-05-09 00:30:31,135.288,135.298
1760,2023-05-09 00:30:31,135.287,135.297
1761,2023-05-09 00:30:32,135.288,135.298
1762,2023-05-09 00:30:32,135.286,135.296
1763,2023-05-09 00:30:33,135.285,135.295
1764,2023-05-09 00:30:33,135.286,135.296
1765,2023-05-09 00:30:33,135.288,135.298
1766,2023-05-09 00:30:35,135.287,135.297
1767,2023-05-09 00:30:35,135.289,135.299
1768,2023-05-09 00:30:35,135.288,135.298
1769,2023-05-09 00:30:40,135.289,135.299
1770,2023-05-09 00:30:42,135.29,135.3
1771,2023-05-09 00:30:50,135.289,135.299
1772,2023-05-09 00:30:54,135.29,135.3
1773,2023-05-09 00:30:59,135.291,135.301
1774,2023-05-09 00:31:00,135.291,135.301
1775,2023-05-09 00:31:00,135.293,135.303
1776,2023-05-09 00:31:00,135.291,135.301
1777,2023-05-09 00:31:01,135.29,135.3
1778,2023-05-09 00:31:02,135.288,135.298
1779,2023-05-09 00:31:02,135.289,135.299
1780,2023-05-09 00:31:06,135.291,135.301
1781,2023-05-09 00:31:10,135.29,135.3
1782,2023-05-09 00:31:13,135.291,135.301
1783,2023-05-09 00:31:14,135.295,135.305
1784,2023-05-09 00:31:14,135.298,135.308
1785,2023-05-09 00:31:14,135.299,135.309
1786,2023-05-09 00:31:15,135.3,135.31
1787,2023-05-09 00:31:18,135.299,135.309
1788,2023-05-09 00:31:19,135.3,135.31
1789,2023-05-09 00:31:19,135.299,135.309
1790,2023-05-09 00:31:24,135.3,135.31
1791,2023-05-09 00:31:25,135.299,135.309
1792,2023-05-09 00:31:29,135.3,135.31
1793,2023-05-09 00:31:29,135.299,135.309
1794,2023-05-09 00:31:40,135.298,135.308
1795,2023-05-09 00:31:41,135.289,135.299
1796,2023-05-09 00:31:42,135.286,135.296
1797,2023-05-09 00:31:42,135.282,135.292
1798,2023-05-09 00:31:42,135.283,135.293
1799,2023-05-09 00:31:46,135.282,135.292
1800,2023-05-09 00:31:47,135.28,135.29
1801,2023-05-09 00:31:54,135.278,135.288
1802,2023-05-09 00:31:56,135.277,135.287
1803,2023-05-09 00:31:57,135.278,135.288
1804,2023-05-09 00:31:57,135.271,135.281
1805,2023-05-09 00:31:57,135.268,135.278
1806,2023-05-09 00:31:58,135.266,135.276
1807,2023-05-09 00:31:58,135.265,135.275
1808,2023-05-09 00:31:59,135.266,135.276
1809,2023-05-09 00:32:00,135.266,135.276
1810,2023-05-09 00:32:01,135.269,135.279
1811,2023-05-09 00:32:01,135.267,135.277
1812,2023-05-09 00:32:02,135.268,135.278
1813,2023-05-09 00:32:02,135.267,135.277
1814,2023-05-09 00:32:02,135.27,135.28
1815,2023-05-09 00:32:03,135.271,135.281
1816,2023-05-09 00:32:04,135.269,135.279
1817,2023-05-09 00:32:04,135.268,135.278
1818,2023-05-09 00:32:05,135.27,135.28
1819,2023-05-09 00:32:06,135.268,135.278
1820,2023-05-09 00:32:06,135.267,135.277
1821,2023-05-09 00:32:07,135.266,135.276
1822,2023-05-09 00:32:07,135.263,135.273
1823,2023-05-09 00:32:07,135.265,135.275
1824,2023-05-09 00:32:07,135.267,135.277
1825,2023-05-09 00:32:10,135.269,135.279
1826,2023-05-09 00:32:12,135.27,135.28
1827,2023-05-09 00:32:24,135.269,135.279
1828,2023-05-09 00:32:25,135.27,135.28
1829,2023-05-09 00:32:34,135.275,135.285
1830,2023-05-09 00:32:34,135.271,135.281
1831,2023-05-09 00:32:41,135.273,135.283
1832,2023-05-09 00:32:44,135.273,135.284
1833,2023-05-09 00:32:46,135.275,135.285
1834,2023-05-09 00:32:50,135.277,135.287
1835,2023-05-09 00:32:53,135.279,135.289
1836,2023-05-09 00:33:00,135.279,135.289
1837,2023-05-09 00:33:00,135.281,135.291
1838,2023-05-09 00:33:01,135.28,135.291
1839,2023-05-09 00:33:01,135.28,135.29
1840,2023-05-09 00:33:04,135.279,135.289
1841,2023-05-09 00:33:05,135.278,135.288
1842,2023-05-09 00:33:05,135.279,135.29
1843,2023-05-09 00:33:09,135.278,135.288
1844,2023-05-09 00:33:09,135.277,135.287
1845,2023-05-09 00:33:10,135.271,135.281
1846,2023-05-09 00:33:10,135.268,135.278
1847,2023-05-09 00:33:10,135.267,135.277
1848,2023-05-09 00:33:10,135.27,135.28
1849,2023-05-09 00:33:10,135.268,135.278
1850,2023-05-09 00:33:11,135.267,135.277
1851,2023-05-09 00:33:11,135.265,135.275
1852,2023-05-09 00:33:12,135.266,135.276
1853,2023-05-09 00:33:12,135.267,135.277
1854,2023-05-09 00:33:12,135.27,135.28
1855,2023-05-09 00:33:12,135.271,135.281
1856,2023-05-09 00:33:13,135.274,135.284
1857,2023-05-09 00:33:16,135.276,135.286
1858,2023-05-09 00:33:16,135.275,135.286
1859,2023-05-09 00:33:17,135.275,135.285
1860,2023-05-09 00:33:19,135.278,135.289
1861,2023-05-09 00:33:19,135.279,135.289
1862,2023-05-09 00:33:19,135.279,135.29
1863,2023-05-09 00:33:25,135.28,135.29
1864,2023-05-09 00:33:30,135.279,135.289
1865,2023-05-09 00:33:31,135.279,135.29
1866,2023-05-09 00:33:35,135.282,135.292
1867,2023-05-09 00:33:35,135.281,135.291
1868,2023-05-09 00:33:36,135.274,135.284
1869,2023-05-09 00:33:36,135.272,135.283
1870,2023-05-09 00:33:37,135.271,135.281
1871,2023-05-09 00:33:37,135.267,135.277
1872,2023-05-09 00:33:37,135.266,135.276
1873,2023-05-09 00:33:38,135.27,135.28
1874,2023-05-09 00:33:39,135.271,135.282
1875,2023-05-09 00:33:40,135.272,135.283
1876,2023-05-09 00:33:40,135.272,135.282
1877,2023-05-09 00:33:41,135.271,135.281
1878,2023-05-09 00:33:42,135.27,135.281
1879,2023-05-09 00:33:42,135.271,135.282
1880,2023-05-09 00:33:43,135.271,135.281
1881,2023-05-09 00:33:44,135.271,135.282
1882,2023-05-09 00:33:45,135.272,135.282
1883,2023-05-09 00:33:46,135.272,135.283
1884,2023-05-09 00:33:49,135.272,135.282
1885,2023-05-09 00:33:49,135.271,135.282
1886,2023-05-09 00:33:50,135.271,135.281
1887,2023-05-09 00:33:53,135.271,135.282
1888,2023-05-09 00:33:55,135.271,135.281
1889,2023-05-09 00:34:00,135.271,135.281
1890,2023-05-09 00:34:02,135.27,135.281
1891,2023-05-09 00:34:06,135.271,135.281
1892,2023-05-09 00:34:13,135.27,135.281
1893,2023-05-09 00:34:16,135.269,135.279
1894,2023-05-09 00:34:16,135.268,135.278
1895,2023-05-09 00:34:16,135.268,135.279
1896,2023-05-09 00:34:18,135.263,135.274
1897,2023-05-09 00:34:18,135.262,135.273
1898,2023-05-09 00:34:22,135.261,135.272
1899,2023-05-09 00:34:22,135.263,135.273
1900,2023-05-09 00:34:31,135.264,135.274
1901,2023-05-09 00:34:31,135.267,135.277
1902,2023-05-09 00:34:32,135.266,135.276
1903,2023-05-09 00:34:32,135.266,135.277
1904,2023-05-09 00:34:32,135.268,135.278
1905,2023-05-09 00:34:32,135.267,135.277
1906,2023-05-09 00:34:34,135.268,135.278
1907,2023-05-09 00:34:34,135.267,135.277
1908,2023-05-09 00:34:34,135.266,135.277
1909,2023-05-09 00:34:35,135.265,135.275
1910,2023-05-09 00:34:36,135.266,135.277
1911,2023-05-09 00:34:37,135.267,135.277
1912,2023-05-09 00:34:38,135.266,135.277
1913,2023-05-09 00:34:38,135.268,135.279
1914,2023-05-09 00:34:42,135.263,135.273
1915,2023-05-09 00:34:45,135.261,135.272
1916,2023-05-09 00:34:47,135.258,135.268
1917,2023-05-09 00:34:47,135.258,135.269
1918,2023-05-09 00:34:47,135.258,135.268
1919,2023-05-09 00:34:54,135.261,135.271
1920,2023-05-09 00:34:56,135.259,135.27
1921,2023-05-09 00:34:56,135.257,135.267
1922,2023-05-09 00:34:57,135.258,135.268
1923,2023-05-09 00:35:00,135.258,135.268
1924,2023-05-09 00:35:05,135.251,135.262
1925,2023-05-09 00:35:05,135.252,135.262
1926,2023-05-09 00:35:06,135.251,135.261
1927,2023-05-09 00:35:08,135.248,135.258
1928,2023-05-09 00:35:09,135.246,135.256
1929,2023-05-09 00:35:13,135.242,135.252
1930,2023-05-09 00:35:14,135.24,135.25
1931,2023-05-09 00:35:14,135.239,135.249
1932,2023-05-09 00:35:14,135.24,135.25
1933,2023-05-09 00:35:17,135.244,135.254
1934,2023-05-09 00:35:30,135.243,135.253
1935,2023-05-09 00:35:31,135.242,135.252
1936,2023-05-09 00:35:34,135.24,135.25
1937,2023-05-09 00:35:35,135.241,135.251
1938,2023-05-09 00:35:35,135.238,135.248
1939,2023-05-09 00:35:36,135.238,135.249
1940,2023-05-09 00:35:38,135.24,135.25
1941,2023-05-09 00:35:38,135.239,135.249
1942,2023-05-09 00:35:38,135.24,135.25
1943,2023-05-09 00:35:38,135.242,135.252
1944,2023-05-09 00:35:38,135.241,135.251
1945,2023-05-09 00:35:38,135.24,135.25
1946,2023-05-09 00:35:40,135.239,135.249
1947,2023-05-09 00:35:41,135.239,135.25
1948,2023-05-09 00:35:42,135.24,135.25
1949,2023-05-09 00:35:42,135.239,135.25
1950,2023-05-09 00:35:44,135.238,135.249
1951,2023-05-09 00:35:45,135.24,135.25
1952,2023-05-09 00:35:45,135.239,135.25
1953,2023-05-09 00:35:45,135.241,135.251
1954,2023-05-09 00:35:46,135.242,135.252
1955,2023-05-09 00:35:47,135.243,135.253
1956,2023-05-09 00:35:47,135.244,135.254
1957,2023-05-09 00:35:48,135.243,135.253
1958,2023-05-09 00:35:50,135.243,135.254
1959,2023-05-09 00:35:54,135.244,135.254
1960,2023-05-09 00:35:54,135.243,135.254
1961,2023-05-09 00:35:56,135.243,135.253
1962,2023-05-09 00:35:57,135.244,135.254
1963,2023-05-09 00:35:57,135.245,135.255
1964,2023-05-09 00:35:57,135.244,135.254
1965,2023-05-09 00:36:00,135.244,135.254
1966,2023-05-09 00:36:01,135.247,135.257
1967,2023-05-09 00:36:01,135.246,135.256
1968,2023-05-09 00:36:01,135.245,135.255
1969,2023-05-09 00:36:03,135.244,135.254
1970,2023-05-09 00:36:06,135.248,135.258
1971,2023-05-09 00:36:06,135.247,135.257
1972,2023-05-09 00:36:06,135.248,135.258
1973,2023-05-09 00:36:08,135.245,135.255
1974,2023-05-09 00:36:09,135.244,135.255
1975,2023-05-09 00:36:10,135.245,135.255
1976,2023-05-09 00:36:11,135.244,135.255
1977,2023-05-09 00:36:11,135.245,135.255
1978,2023-05-09 00:36:17,135.246,135.256
1979,2023-05-09 00:36:17,135.247,135.257
1980,2023-05-09 00:36:18,135.244,135.254
1981,2023-05-09 00:36:18,135.245,135.255
1982,2023-05-09 00:36:19,135.246,135.256
1983,2023-05-09 00:36:24,135.245,135.255
1984,2023-05-09 00:36:27,135.247,135.257
1985,2023-05-09 00:36:29,135.248,135.258
1986,2023-05-09 00:36:32,135.249,135.259
1987,2023-05-09 00:36:32,135.248,135.258
1988,2023-05-09 00:36:33,135.25,135.26
1989,2023-05-09 00:36:34,135.249,135.259
1990,2023-05-09 00:36:35,135.248,135.258
1991,2023-05-09 00:36:35,135.247,135.257
1992,2023-05-09 00:36:40,135.246,135.256
1993,2023-05-09 00:36:40,135.247,135.257
1994,2023-05-09 00:36:41,135.246,135.256
1995,2023-05-09 00:36:43,135.247,135.257
1996,2023-05-09 00:36:45,135.245,135.255
1997,2023-05-09 00:36:45,135.244,135.255
1998,2023-05-09 00:36:45,135.245,135.255
1999,2023-05-09 00:36:49,135.244,135.254
2000,2023-05-09 00:36:52,135.244,135.255
2001,2023-05-09 00:36:57,135.246,135.257
2002,2023-05-09 00:36:58,135.243,135.254
2003,2023-05-09 00:37:02,135.243,135.254
2004,2023-05-09 00:37:03,135.244,135.254
2005,2023-05-09 00:37:03,135.243,135.254
2006,2023-05-09 00:37:04,135.246,135.256
2007,2023-05-09 00:37:04,135.243,135.254
2008,2023-05-09 00:37:08,135.244,135.254
2009,2023-05-09 00:37:08,135.243,135.254
2010,2023-05-09 00:37:10,135.243,135.253
2011,2023-05-09 00:37:15,135.244,135.254
2012,2023-05-09 00:37:15,135.243,135.253
2013,2023-05-09 00:37:26,135.244,135.254
2014,2023-05-09 00:37:27,135.25,135.26
2015,2023-05-09 00:37:27,135.252,135.262
2016,2023-05-09 00:37:28,135.256,135.266
2017,2023-05-09 00:37:28,135.258,135.268
2018,2023-05-09 00:37:28,135.259,135.27
2019,2023-05-09 00:37:28,135.257,135.267
2020,2023-05-09 00:37:29,135.258,135.268
2021,2023-05-09 00:37:30,135.259,135.269
2022,2023-05-09 00:37:30,135.26,135.27
2023,2023-05-09 00:37:31,135.259,135.269
2024,2023-05-09 00:37:32,135.26,135.27
2025,2023-05-09 00:37:32,135.261,135.271
2026,2023-05-09 00:37:33,135.26,135.27
2027,2023-05-09 00:37:35,135.259,135.269
2028,2023-05-09 00:37:37,135.257,135.267
2029,2023-05-09 00:37:38,135.256,135.266
2030,2023-05-09 00:37:40,135.254,135.264
2031,2023-05-09 00:37:40,135.257,135.267
2032,2023-05-09 00:37:40,135.256,135.266
2033,2023-05-09 00:37:40,135.253,135.263
2034,2023-05-09 00:37:41,135.252,135.263
2035,2023-05-09 00:37:41,135.252,135.262
2036,2023-05-09 00:37:42,135.253,135.263
2037,2023-05-09 00:37:42,135.254,135.264
2038,2023-05-09 00:37:44,135.253,135.263
2039,2023-05-09 00:37:47,135.254,135.264
2040,2023-05-09 00:37:49,135.253,135.263
2041,2023-05-09 00:37:49,135.252,135.262
2042,2023-05-09 00:37:49,135.253,135.263
2043,2023-05-09 00:37:52,135.252,135.262
2044,2023-05-09 00:37:54,135.253,135.263
2045,2023-05-09 00:37:57,135.252,135.262
2046,2023-05-09 00:37:59,135.251,135.262
2047,2023-05-09 00:37:59,135.24,135.25
2048,2023-05-09 00:37:59,135.239,135.249
2049,2023-05-09 00:38:00,135.239,135.249
2050,2023-05-09 00:38:00,135.24,135.25
2051,2023-05-09 00:38:01,135.239,135.249
2052,2023-05-09 00:38:01,135.237,135.247
2053,2023-05-09 00:38:01,135.239,135.249
2054,2023-05-09 00:38:02,135.24,135.25
2055,2023-05-09 00:38:02,135.239,135.249
2056,2023-05-09 00:38:03,135.238,135.248
2057,2023-05-09 00:38:03,135.239,135.249
2058,2023-05-09 00:38:03,135.24,135.25
2059,2023-05-09 00:38:04,135.241,135.251
2060,2023-05-09 00:38:05,135.239,135.249
2061,2023-05-09 00:38:05,135.24,135.25
2062,2023-05-09 00:38:15,135.239,135.249
2063,2023-05-09 00:38:17,135.237,135.247
2064,2023-05-09 00:38:18,135.238,135.248
2065,2023-05-09 00:38:19,135.236,135.246
2066,2023-05-09 00:38:19,135.233,135.243
2067,2023-05-09 00:38:19,135.233,135.244
2068,2023-05-09 00:38:24,135.235,135.245
2069,2023-05-09 00:38:28,135.234,135.244
2070,2023-05-09 00:38:28,135.235,135.245
2071,2023-05-09 00:38:29,135.236,135.246
2072,2023-05-09 00:38:30,135.237,135.247
2073,2023-05-09 00:38:31,135.236,135.246
2074,2023-05-09 00:38:37,135.237,135.247
2075,2023-05-09 00:38:37,135.236,135.246
2076,2023-05-09 00:38:47,135.235,135.245
2077,2023-05-09 00:38:53,135.234,135.244
2078,2023-05-09 00:38:54,135.233,135.243
2079,2023-05-09 00:38:55,135.23,135.24
2080,2023-05-09 00:38:55,135.229,135.24
2081,2023-05-09 00:38:56,135.23,135.24
2082,2023-05-09 00:38:58,135.228,135.238
2083,2023-05-09 00:39:00,135.225,135.235
2084,2023-05-09 00:39:01,135.224,135.234
2085,2023-05-09 00:39:02,135.222,135.232
2086,2023-05-09 00:39:02,135.219,135.229
2087,2023-05-09 00:39:08,135.218,135.228
2088,2023-05-09 00:39:13,135.214,135.224
2089,2023-05-09 00:39:14,135.211,135.221
2090,2023-05-09 00:39:15,135.216,135.226
2091,2023-05-09 00:39:16,135.215,135.225
2092,2023-05-09 00:39:16,135.214,135.224
2093,2023-05-09 00:39:19,135.216,135.226
2094,2023-05-09 00:39:20,135.215,135.225
2095,2023-05-09 00:39:21,135.216,135.226
2096,2023-05-09 00:39:23,135.22,135.23
2097,2023-05-09 00:39:23,135.219,135.229
2098,2023-05-09 00:39:24,135.218,135.228
2099,2023-05-09 00:39:25,135.216,135.226
2100,2023-05-09 00:39:27,135.22,135.23
2101,2023-05-09 00:39:27,135.221,135.231
2102,2023-05-09 00:39:28,135.22,135.23
2103,2023-05-09 00:39:28,135.222,135.232
2104,2023-05-09 00:39:29,135.221,135.231
2105,2023-05-09 00:39:31,135.222,135.232
2106,2023-05-09 00:39:37,135.221,135.231
2107,2023-05-09 00:39:38,135.22,135.231
2108,2023-05-09 00:39:38,135.22,135.23
2109,2023-05-09 00:39:38,135.219,135.229
2110,2023-05-09 00:39:39,135.218,135.228
2111,2023-05-09 00:39:40,135.22,135.231
2112,2023-05-09 00:39:43,135.222,135.232
2113,2023-05-09 00:39:49,135.221,135.231
2114,2023-05-09 00:39:50,135.222,135.232
2115,2023-05-09 00:39:54,135.22,135.23
2116,2023-05-09 00:39:55,135.219,135.23
2117,2023-05-09 00:39:55,135.22,135.23
2118,2023-05-09 00:39:57,135.225,135.235
2119,2023-05-09 00:39:57,135.226,135.236
2120,2023-05-09 00:39:58,135.225,135.235
2121,2023-05-09 00:39:58,135.226,135.236
2122,2023-05-09 00:39:58,135.225,135.235
2123,2023-05-09 00:39:58,135.226,135.236
2124,2023-05-09 00:40:00,135.226,135.236
2125,2023-05-09 00:40:00,135.225,135.235
2126,2023-05-09 00:40:01,135.226,135.236
2127,2023-05-09 00:40:02,135.227,135.237
2128,2023-05-09 00:40:02,135.229,135.239
2129,2023-05-09 00:40:02,135.226,135.236
2130,2023-05-09 00:40:10,135.227,135.237
2131,2023-05-09 00:40:11,135.226,135.236
2132,2023-05-09 00:40:13,135.227,135.237
2133,2023-05-09 00:40:16,135.226,135.236
2134,2023-05-09 00:40:19,135.225,135.235
2135,2023-05-09 00:40:21,135.226,135.236
2136,2023-05-09 00:40:28,135.227,135.237
2137,2023-05-09 00:40:31,135.226,135.236
2138,2023-05-09 00:40:36,135.225,135.235
2139,2023-05-09 00:40:39,135.22,135.23
2140,2023-05-09 00:40:41,135.221,135.231
2141,2023-05-09 00:40:43,135.222,135.232
2142,2023-05-09 00:40:50,135.219,135.229
2143,2023-05-09 00:41:02,135.219,135.229
2144,2023-05-09 00:41:02,135.218,135.228
2145,2023-05-09 00:41:17,135.206,135.216
2146,2023-05-09 00:41:17,135.205,135.215
2147,2023-05-09 00:41:18,135.206,135.216
2148,2023-05-09 00:41:18,135.205,135.215
2149,2023-05-09 00:41:19,135.203,135.213
2150,2023-05-09 00:41:19,135.199,135.209
2151,2023-05-09 00:41:20,135.198,135.208
2152,2023-05-09 00:41:20,135.197,135.207
2153,2023-05-09 00:41:21,135.204,135.214
2154,2023-05-09 00:41:21,135.206,135.216
2155,2023-05-09 00:41:21,135.205,135.215
2156,2023-05-09 00:41:22,135.206,135.216
2157,2023-05-09 00:41:22,135.205,135.215
2158,2023-05-09 00:41:23,135.206,135.216
2159,2023-05-09 00:41:28,135.207,135.217
2160,2023-05-09 00:41:29,135.208,135.218
2161,2023-05-09 00:41:30,135.207,135.217
2162,2023-05-09 00:41:31,135.208,135.218
2163,2023-05-09 00:41:35,135.209,135.219
2164,2023-05-09 00:41:35,135.208,135.218
2165,2023-05-09 00:41:37,135.209,135.219
2166,2023-05-09 00:41:49,135.216,135.227
2167,2023-05-09 00:41:50,135.217,135.227
2168,2023-05-09 00:41:54,135.218,135.228
2169,2023-05-09 00:41:55,135.217,135.227
2170,2023-05-09 00:42:00,135.217,135.227
2171,2023-05-09 00:42:12,135.217,135.228
2172,2023-05-09 00:42:14,135.218,135.228
2173,2023-05-09 00:42:14,135.219,135.229
2174,2023-05-09 00:42:17,135.225,135.235
2175,2023-05-09 00:42:19,135.225,135.236
2176,2023-05-09 00:42:20,135.226,135.236
2177,2023-05-09 00:42:39,135.227,135.237
2178,2023-05-09 00:42:40,135.226,135.237
2179,2023-05-09 00:42:41,135.23,135.24
2180,2023-05-09 00:42:41,135.231,135.241
2181,2023-05-09 00:42:43,135.227,135.237
2182,2023-05-09 00:42:43,135.228,135.238
2183,2023-05-09 00:42:44,135.232,135.242
2184,2023-05-09 00:42:51,135.229,135.239
2185,2023-05-09 00:42:51,135.23,135.24
2186,2023-05-09 00:42:51,135.227,135.238
2187,2023-05-09 00:42:51,135.228,135.238
2188,2023-05-09 00:42:52,135.227,135.238
2189,2023-05-09 00:42:52,135.227,135.237
2190,2023-05-09 00:42:56,135.227,135.238
2191,2023-05-09 00:42:56,135.227,135.237
2192,2023-05-09 00:43:00,135.227,135.237
2193,2023-05-09 00:43:05,135.228,135.238
2194,2023-05-09 00:43:06,135.227,135.237
2195,2023-05-09 00:43:20,135.23,135.24
2196,2023-05-09 00:43:22,135.229,135.239
2197,2023-05-09 00:43:25,135.234,135.244
2198,2023-05-09 00:43:29,135.235,135.245
2199,2023-05-09 00:43:33,135.23,135.24
2200,2023-05-09 00:43:33,135.229,135.239
2201,2023-05-09 00:43:33,135.232,135.242
2202,2023-05-09 00:43:36,135.234,135.244
2203,2023-05-09 00:43:36,135.235,135.245
2204,2023-05-09 00:43:38,135.238,135.248
2205,2023-05-09 00:43:39,135.239,135.249
2206,2023-05-09 00:43:40,135.238,135.248
2207,2023-05-09 00:43:56,135.237,135.247
2208,2023-05-09 00:43:56,135.238,135.248
2209,2023-05-09 00:43:56,135.237,135.247
2210,2023-05-09 00:43:57,135.238,135.248
2211,2023-05-09 00:43:58,135.237,135.247
2212,2023-05-09 00:43:58,135.24,135.25
2213,2023-05-09 00:44:00,135.241,135.251
2214,2023-05-09 00:44:07,135.242,135.252
2215,2023-05-09 00:44:13,135.241,135.251
2216,2023-05-09 00:44:14,135.24,135.25
2217,2023-05-09 00:44:15,135.239,135.249
2218,2023-05-09 00:44:15,135.237,135.247
2219,2023-05-09 00:44:16,135.238,135.248
2220,2023-05-09 00:44:16,135.237,135.247
2221,2023-05-09 00:44:16,135.238,135.248
2222,2023-05-09 00:44:16,135.237,135.247
2223,2023-05-09 00:44:16,135.238,135.248
2224,2023-05-09 00:44:17,135.237,135.247
2225,2023-05-09 00:44:17,135.238,135.248
2226,2023-05-09 00:44:18,135.237,135.247
2227,2023-05-09 00:44:22,135.238,135.248
2228,2023-05-09 00:44:23,135.237,135.247
2229,2023-05-09 00:44:23,135.238,135.248
2230,2023-05-09 00:44:25,135.239,135.249
2231,2023-05-09 00:44:26,135.238,135.248
2232,2023-05-09 00:44:31,135.243,135.253
2233,2023-05-09 00:44:31,135.244,135.254
2234,2023-05-09 00:44:40,135.245,135.255
2235,2023-05-09 00:44:41,135.243,135.253
2236,2023-05-09 00:44:44,135.244,135.254
2237,2023-05-09 00:44:46,135.245,135.255
2238,2023-05-09 00:44:47,135.243,135.253
2239,2023-05-09 00:44:49,135.244,135.254
2240,2023-05-09 00:44:50,135.245,135.255
2241,2023-05-09 00:44:51,135.244,135.254
2242,2023-05-09 00:44:51,135.245,135.255
2243,2023-05-09 00:44:51,135.247,135.257
2244,2023-05-09 00:44:51,135.248,135.258
2245,2023-05-09 00:44:52,135.249,135.259
2246,2023-05-09 00:44:52,135.247,135.257
2247,2023-05-09 00:44:52,135.245,135.255
2248,2023-05-09 00:44:53,135.246,135.256
2249,2023-05-09 00:44:56,135.245,135.255
2250,2023-05-09 00:44:57,135.247,135.257
2251,2023-05-09 00:44:57,135.249,135.259
2252,2023-05-09 00:45:00,135.248,135.258
2253,2023-05-09 00:45:00,135.245,135.255
2254,2023-05-09 00:45:02,135.244,135.254
2255,2023-05-09 00:45:05,135.245,135.255
2256,2023-05-09 00:45:11,135.244,135.254
2257,2023-05-09 00:45:12,135.245,135.255
2258,2023-05-09 00:45:15,135.244,135.254
2259,2023-05-09 00:45:18,135.243,135.253
2260,2023-05-09 00:45:20,135.241,135.251
2261,2023-05-09 00:45:22,135.242,135.252
2262,2023-05-09 00:45:24,135.241,135.251
2263,2023-05-09 00:45:28,135.243,135.253
2264,2023-05-09 00:45:36,135.242,135.252
2265,2023-05-09 00:45:41,135.239,135.249
2266,2023-05-09 00:45:45,135.24,135.25
2267,2023-05-09 00:45:47,135.239,135.249
2268,2023-05-09 00:45:48,135.238,135.248
2269,2023-05-09 00:45:48,135.237,135.247
2270,2023-05-09 00:45:51,135.233,135.243
2271,2023-05-09 00:45:54,135.234,135.244
2272,2023-05-09 00:45:55,135.228,135.238
2273,2023-05-09 00:46:00,135.228,135.238
2274,2023-05-09 00:46:08,135.225,135.235
2275,2023-05-09 00:46:13,135.222,135.232
2276,2023-05-09 00:46:13,135.224,135.234
2277,2023-05-09 00:46:14,135.223,135.233
2278,2023-05-09 00:46:14,135.224,135.234
2279,2023-05-09 00:46:17,135.223,135.233
2280,2023-05-09 00:46:20,135.222,135.232
2281,2023-05-09 00:46:20,135.219,135.229
2282,2023-05-09 00:46:34,135.218,135.228
2283,2023-05-09 00:46:34,135.219,135.229
2284,2023-05-09 00:46:54,135.22,135.23
2285,2023-05-09 00:46:55,135.219,135.229
2286,2023-05-09 00:46:56,135.22,135.23
2287,2023-05-09 00:46:57,135.219,135.229
2288,2023-05-09 00:46:57,135.22,135.23
2289,2023-05-09 00:46:58,135.219,135.229
2290,2023-05-09 00:47:00,135.219,135.229
2291,2023-05-09 00:47:05,135.226,135.236
2292,2023-05-09 00:47:09,135.225,135.235
2293,2023-05-09 00:47:09,135.226,135.236
2294,2023-05-09 00:47:10,135.227,135.237
2295,2023-05-09 00:47:12,135.225,135.235
2296,2023-05-09 00:47:13,135.224,135.234
2297,2023-05-09 00:47:15,135.223,135.233
2298,2023-05-09 00:47:15,135.224,135.234
2299,2023-05-09 00:47:15,135.228,135.238
2300,2023-05-09 00:47:17,135.229,135.239
2301,2023-05-09 00:47:17,135.233,135.243
2302,2023-05-09 00:47:19,135.238,135.248
2303,2023-05-09 00:47:19,135.241,135.251
2304,2023-05-09 00:47:20,135.24,135.25
2305,2023-05-09 00:47:20,135.242,135.252
2306,2023-05-09 00:47:21,135.24,135.25
2307,2023-05-09 00:47:22,135.241,135.251
2308,2023-05-09 00:47:22,135.242,135.252
2309,2023-05-09 00:47:22,135.244,135.254
2310,2023-05-09 00:47:23,135.24,135.25
2311,2023-05-09 00:47:23,135.238,135.248
2312,2023-05-09 00:47:27,135.236,135.246
2313,2023-05-09 00:47:27,135.237,135.247
2314,2023-05-09 00:47:28,135.238,135.248
2315,2023-05-09 00:47:31,135.24,135.25
2316,2023-05-09 00:47:31,135.237,135.247
2317,2023-05-09 00:47:31,135.238,135.248
2318,2023-05-09 00:47:38,135.239,135.249
2319,2023-05-09 00:47:39,135.237,135.247
2320,2023-05-09 00:47:40,135.236,135.246
2321,2023-05-09 00:47:42,135.237,135.247
2322,2023-05-09 00:47:45,135.238,135.248
2323,2023-05-09 00:47:46,135.237,135.247
2324,2023-05-09 00:47:47,135.238,135.248
2325,2023-05-09 00:47:48,135.237,135.247
2326,2023-05-09 00:47:50,135.238,135.248
2327,2023-05-09 00:47:50,135.237,135.247
2328,2023-05-09 00:47:57,135.238,135.248
2329,2023-05-09 00:47:58,135.237,135.247
2330,2023-05-09 00:47:59,135.238,135.248
2331,2023-05-09 00:47:59,135.237,135.247
2332,2023-05-09 00:48:00,135.238,135.248
2333,2023-05-09 00:48:01,135.237,135.247
2334,2023-05-09 00:48:04,135.238,135.248
2335,2023-05-09 00:48:04,135.242,135.252
2336,2023-05-09 00:48:04,135.243,135.253
2337,2023-05-09 00:48:04,135.242,135.252
2338,2023-05-09 00:48:05,135.241,135.251
2339,2023-05-09 00:48:06,135.242,135.252
2340,2023-05-09 00:48:06,135.243,135.253
2341,2023-05-09 00:48:07,135.238,135.248
2342,2023-05-09 00:48:09,135.237,135.247
2343,2023-05-09 00:48:09,135.236,135.246
2344,2023-05-09 00:48:10,135.237,135.247
2345,2023-05-09 00:48:10,135.236,135.246
2346,2023-05-09 00:48:11,135.237,135.247
2347,2023-05-09 00:48:12,135.236,135.246
2348,2023-05-09 00:48:12,135.237,135.247
2349,2023-05-09 00:48:12,135.236,135.246
2350,2023-05-09 00:48:13,135.237,135.247
2351,2023-05-09 00:48:13,135.236,135.246
2352,2023-05-09 00:48:13,135.237,135.247
2353,2023-05-09 00:48:14,135.236,135.246
2354,2023-05-09 00:48:14,135.237,135.247
2355,2023-05-09 00:48:14,135.236,135.246
2356,2023-05-09 00:48:15,135.237,135.247
2357,2023-05-09 00:48:15,135.236,135.246
2358,2023-05-09 00:48:15,135.237,135.247
2359,2023-05-09 00:48:16,135.236,135.246
2360,2023-05-09 00:48:16,135.234,135.244
2361,2023-05-09 00:48:16,135.236,135.246
2362,2023-05-09 00:48:17,135.235,135.245
2363,2023-05-09 00:48:19,135.236,135.246
2364,2023-05-09 00:48:22,135.239,135.249
2365,2023-05-09 00:48:22,135.24,135.25
2366,2023-05-09 00:48:22,135.239,135.249
2367,2023-05-09 00:48:25,135.236,135.246
2368,2023-05-09 00:48:28,135.237,135.247
2369,2023-05-09 00:48:28,135.236,135.246
2370,2023-05-09 00:48:28,135.239,135.249
2371,2023-05-09 00:48:41,135.238,135.248
2372,2023-05-09 00:48:41,135.237,135.247
2373,2023-05-09 00:48:42,135.238,135.248
2374,2023-05-09 00:48:47,135.23,135.24
2375,2023-05-09 00:48:47,135.229,135.239
2376,2023-05-09 00:48:50,135.228,135.238
2377,2023-05-09 00:48:50,135.229,135.239
2378,2023-05-09 00:48:55,135.227,135.237
2379,2023-05-09 00:49:00,135.227,135.237
2380,2023-05-09 00:49:00,135.226,135.236
2381,2023-05-09 00:49:01,135.227,135.237
2382,2023-05-09 00:49:02,135.231,135.241
2383,2023-05-09 00:49:03,135.23,135.24
2384,2023-05-09 00:49:03,135.229,135.239
2385,2023-05-09 00:49:06,135.23,135.24
2386,2023-05-09 00:49:07,135.229,135.239
2387,2023-05-09 00:49:07,135.228,135.238
2388,2023-05-09 00:49:07,135.229,135.239
2389,2023-05-09 00:49:08,135.23,135.24
2390,2023-05-09 00:49:08,135.231,135.241
2391,2023-05-09 00:49:09,135.227,135.237
2392,2023-05-09 00:49:09,135.225,135.235
2393,2023-05-09 00:49:11,135.224,135.234
2394,2023-05-09 00:49:12,135.226,135.236
2395,2023-05-09 00:49:13,135.225,135.235
2396,2023-05-09 00:49:17,135.226,135.236
2397,2023-05-09 00:49:17,135.224,135.234
2398,2023-05-09 00:49:18,135.225,135.235
2399,2023-05-09 00:49:18,135.224,135.234
2400,2023-05-09 00:49:22,135.221,135.231
2401,2023-05-09 00:49:22,135.219,135.229
2402,2023-05-09 00:49:23,135.22,135.23
2403,2023-05-09 00:49:23,135.219,135.229
2404,2023-05-09 00:49:24,135.22,135.23
2405,2023-05-09 00:49:28,135.219,135.229
2406,2023-05-09 00:49:28,135.22,135.23
2407,2023-05-09 00:49:38,135.219,135.229
2408,2023-05-09 00:49:38,135.213,135.223
2409,2023-05-09 00:49:38,135.209,135.219
2410,2023-05-09 00:49:41,135.21,135.22
2411,2023-05-09 00:49:47,135.209,135.219
2412,2023-05-09 00:49:53,135.211,135.221
2413,2023-05-09 00:49:55,135.213,135.223
2414,2023-05-09 00:49:55,135.212,135.222
2415,2023-05-09 00:49:58,135.218,135.228
2416,2023-05-09 00:49:59,135.219,135.229
2417,2023-05-09 00:50:00,135.218,135.228
2418,2023-05-09 00:50:00,135.217,135.227
2419,2023-05-09 00:50:01,135.216,135.226
2420,2023-05-09 00:50:02,135.217,135.227
2421,2023-05-09 00:50:02,135.218,135.228
2422,2023-05-09 00:50:03,135.217,135.227
2423,2023-05-09 00:50:03,135.216,135.226
2424,2023-05-09 00:50:03,135.217,135.227
2425,2023-05-09 00:50:04,135.219,135.229
2426,2023-05-09 00:50:04,135.218,135.228
2427,2023-05-09 00:50:05,135.22,135.23
2428,2023-05-09 00:50:05,135.223,135.233
2429,2023-05-09 00:50:05,135.22,135.23
2430,2023-05-09 00:50:06,135.227,135.237
2431,2023-05-09 00:50:07,135.231,135.241
2432,2023-05-09 00:50:07,135.232,135.242
2433,2023-05-09 00:50:09,135.231,135.241
2434,2023-05-09 00:50:10,135.235,135.245
2435,2023-05-09 00:50:10,135.236,135.246
2436,2023-05-09 00:50:14,135.235,135.245
2437,2023-05-09 00:50:14,135.236,135.246
2438,2023-05-09 00:50:17,135.235,135.245
2439,2023-05-09 00:50:18,135.234,135.244
2440,2023-05-09 00:50:19,135.233,135.243
2441,2023-05-09 00:50:20,135.235,135.245
2442,2023-05-09 00:50:22,135.236,135.246
2443,2023-05-09 00:50:23,135.237,135.247
2444,2023-05-09 00:50:24,135.236,135.246
2445,2023-05-09 00:50:25,135.235,135.245
2446,2023-05-09 00:50:27,135.236,135.246
2447,2023-05-09 00:50:28,135.238,135.248
2448,2023-05-09 00:50:30,135.237,135.247
2449,2023-05-09 00:50:30,135.236,135.246
2450,2023-05-09 00:50:31,135.235,135.245
2451,2023-05-09 00:50:32,135.236,135.246
2452,2023-05-09 00:50:33,135.239,135.249
2453,2023-05-09 00:50:34,135.238,135.248
2454,2023-05-09 00:50:35,135.239,135.249
2455,2023-05-09 00:50:36,135.241,135.251
2456,2023-05-09 00:50:39,135.242,135.252
2457,2023-05-09 00:50:40,135.241,135.251
2458,2023-05-09 00:50:41,135.237,135.247
2459,2023-05-09 00:50:41,135.238,135.248
2460,2023-05-09 00:50:42,135.239,135.249
2461,2023-05-09 00:50:43,135.241,135.251
2462,2023-05-09 00:50:44,135.242,135.252
2463,2023-05-09 00:50:44,135.241,135.251
2464,2023-05-09 00:50:45,135.242,135.252
2465,2023-05-09 00:50:47,135.241,135.251
2466,2023-05-09 00:50:47,135.242,135.252
2467,2023-05-09 00:50:51,135.243,135.253
2468,2023-05-09 00:50:52,135.238,135.248
2469,2023-05-09 00:50:52,135.237,135.247
2470,2023-05-09 00:50:52,135.241,135.251
2471,2023-05-09 00:50:52,135.246,135.256
2472,2023-05-09 00:50:53,135.248,135.258
2473,2023-05-09 00:50:54,135.247,135.257
2474,2023-05-09 00:50:54,135.246,135.256
2475,2023-05-09 00:50:56,135.247,135.257
2476,2023-05-09 00:50:56,135.248,135.258
2477,2023-05-09 00:50:58,135.247,135.257
2478,2023-05-09 00:50:58,135.248,135.258
2479,2023-05-09 00:51:00,135.248,135.258
2480,2023-05-09 00:51:00,135.247,135.257
2481,2023-05-09 00:51:00,135.248,135.258
