,time,bid,ask
0,2023-05-09 00:00:00,10.5002,10.5102
1,2023-05-09 00:00:01,10.5008,10.5108
2,2023-05-09 00:00:01,10.5009,10.5109
3,2023-05-09 00:00:05,10.5008,10.5108
4,2023-05-09 00:00:09,10.5007,10.5107
5,2023-05-09 00:00:09,10.5006,10.5106
6,2023-05-09 00:00:09,10.5005,10.5105
7,2023-05-09 00:00:12,10.5008,10.5108
8,2023-05-09 00:00:14,10.5009,10.5109
9,2023-05-09 00:00:16,10.5008,10.5108
10,2023-05-09 00:00:16,10.5007,10.5107
11,2023-05-09 00:00:25,10.5,10.51
12,2023-05-09 00:00:25,10.5005,10.5105
13,2023-05-09 00:00:25,10.500399999999999,10.5104
14,2023-05-09 00:00:31,10.5002,10.5102
15,2023-05-09 00:00:42,10.5007,10.5107
16,2023-05-09 00:00:44,10.5012,10.5112
17,2023-05-09 00:00:56,10.5011,10.5111
18,2023-05-09 00:01:00,10.5011,10.5111
19,2023-05-09 00:01:00,10.501,10.511
20,2023-05-09 00:01:02,10.5012,10.5112
21,2023-05-09 00:01:04,10.5015,10.5115
22,2023-05-09 00:01:14,10.5014,10.5114
23,2023-05-09 00:01:17,10.5013,10.5113
24,2023-05-09 00:01:19,10.5015,10.5115
25,2023-05-09 00:01:20,10.5016,10.5116
26,2023-05-09 00:01:21,10.5015,10.5115
27,2023-05-09 00:01:21,10.5016,10.5116
28,2023-05-09 00:01:22,10.5015,10.5115
29,2023-05-09 00:01:23,10.5016,10.5116
30,2023-05-09 00:01:23,10.5015,10.5115
31,2023-05-09 00:01:24,10.5016,10.5116
32,2023-05-09 00:01:24,10.5015,10.5115
33,2023-05-09 00:01:27,10.5014,10.5114
34,2023-05-09 00:01:30,10.5015,10.5115
35,2023-05-09 00:01:31,10.5014,10.5114
36,2023-05-09 00:01:32,10.5016,10.5116
37,2023-05-09 00:01:33,10.5014,10.5114
38,2023-05-09 00:01:33,10.5015,10.5115
39,2023-05-09 00:01:44,10.5017,10.5117
40,2023-05-09 00:01:45,10.5019,10.5119
41,2023-05-09 00:01:45,10.502,10.512
42,2023-05-09 00:01:47,10.5023,10.5123
43,2023-05-09 00:01:48,10.5031,10.5131
44,2023-05-09 00:01:48,10.5034,10.5134
45,2023-05-09 00:01:49,10.5032,10.5132
46,2023-05-09 00:01:50,10.5027,10.5127
47,2023-05-09 00:01:52,10.503,10.513
48,2023-05-09 00:01:53,10.5031,10.5131
49,2023-05-09 00:01:53,10.5035,10.5135
50,2023-05-09 00:01:53,10.5034,10.5134
51,2023-05-09 00:01:53,10.5033,10.5133
52,2023-05-09 00:01:54,10.5034,10.5134
53,2023-05-09 00:01:54,10.5032,10.5132
54,2023-05-09 00:01:55,10.5031,10.5131
55,2023-05-09 00:01:56,10.5032,10.5132
56,2023-05-09 00:01:57,10.5031,10.5131
57,2023-05-09 00:02:00,10.5038,10.5138
58,2023-05-09 00:02:00,10.5036,10.5136
59,2023-05-09 00:02:02,10.5037,10.5137
60,2023-05-09 00:02:02,10.5036,10.5136
61,2023-05-09 00:02:07,10.5037,10.5137
62,2023-05-09 00:02:07,10.5036,10.5136
63,2023-05-09 00:02:08,10.5037,10.5137
64,2023-05-09 00:02:08,10.5036,10.5136
65,2023-05-09 00:02:09,10.5037,10.5137
66,2023-05-09 00:02:11,10.5036,10.5136
67,2023-05-09 00:02:11,10.5033,10.5133
68,2023-05-09 00:02:11,10.5032,10.5132
69,2023-05-09 00:02:15,10.5035,10.5135
70,2023-05-09 00:02:18,10.5034,10.5134
71,2023-05-09 00:02:18,10.5035,10.5135
72,2023-05-09 00:02:18,10.5034,10.5134
73,2023-05-09 00:02:22,10.5035,10.5135
74,2023-05-09 00:02:22,10.5034,10.5134
75,2023-05-09 00:02:29,10.5032,10.5132
76,2023-05-09 00:02:39,10.5036,10.5136
77,2023-05-09 00:02:41,10.5035,10.5135
78,2023-05-09 00:02:41,10.5036,10.5136
79,2023-05-09 00:02:44,10.5037,10.5137
80,2023-05-09 00:02:44,10.5041,10.5141
81,2023-05-09 00:02:45,10.504,10.514
82,2023-05-09 00:02:48,10.5041,10.5141
83,2023-05-09 00:02:48,10.504,10.514
84,2023-05-09 00:02:50,10.5041,10.5141
85,2023-05-09 00:02:51,10.504,10.514
86,2023-05-09 00:02:51,10.5041,10.5141
87,2023-05-09 00:02:53,10.5046,10.5146
88,2023-05-09 00:02:54,10.5045,10.5145
89,2023-05-09 00:02:54,10.5052,10.5152
90,2023-05-09 00:02:54,10.5056,10.5156
91,2023-05-09 00:02:54,10.5055,10.5155
92,2023-05-09 00:02:55,10.5054,10.5154
93,2023-05-09 00:02:55,10.5053,10.5153
94,2023-05-09 00:02:56,10.5052,10.5152
95,2023-05-09 00:02:56,10.5053,10.5153
96,2023-05-09 00:02:57,10.5052,10.5152
97,2023-05-09 00:02:57,10.5053,10.5153
98,2023-05-09 00:02:58,10.5052,10.5152
99,2023-05-09 00:02:59,10.5054,10.5154
100,2023-05-09 00:02:59,10.5053,10.5153
101,2023-05-09 00:03:00,10.5053,10.5153
102,2023-05-09 00:03:01,10.5055,10.5155
103,2023-05-09 00:03:06,10.5053,10.5153
104,2023-05-09 00:03:06,10.5052,10.5152
105,2023-05-09 00:03:06,10.5053,10.5153
106,2023-05-09 00:03:07,10.5052,10.5152
107,2023-05-09 00:03:07,10.5053,10.5153
108,2023-05-09 00:03:08,10.5051,10.5151
109,2023-05-09 00:03:10,10.5049,10.5149
110,2023-05-09 00:03:13,10.5054,10.5154
111,2023-05-09 00:03:14,10.5053,10.5153
112,2023-05-09 00:03:15,10.5054,10.5154
113,2023-05-09 00:03:16,10.5053,10.5153
114,2023-05-09 00:03:16,10.5054,10.5154
115,2023-05-09 00:03:17,10.5051,10.5151
116,2023-05-09 00:03:21,10.5055,10.5155
117,2023-05-09 00:03:23,10.505700000000001,10.5157
118,2023-05-09 00:03:24,10.5059,10.5159
119,2023-05-09 00:03:30,10.5063,10.5163
120,2023-05-09 00:03:30,10.5064,10.5164
121,2023-05-09 00:03:31,10.5063,10.5163
122,2023-05-09 00:03:32,10.506499999999999,10.5165
123,2023-05-09 00:03:33,10.5064,10.5164
124,2023-05-09 00:03:33,10.506499999999999,10.5165
125,2023-05-09 00:03:34,10.5064,10.5164
126,2023-05-09 00:03:35,10.5061,10.5161
127,2023-05-09 00:03:35,10.5063,10.5163
128,2023-05-09 00:03:38,10.5064,10.5164
129,2023-05-09 00:03:39,10.5063,10.5163
130,2023-05-09 00:03:42,10.5064,10.5164
131,2023-05-09 00:03:42,10.506499999999999,10.5165
132,2023-05-09 00:03:43,10.5064,10.5164
133,2023-05-09 00:03:47,10.5063,10.5163
134,2023-05-09 00:03:49,10.5066,10.5166
135,2023-05-09 00:03:49,10.506499999999999,10.5165
136,2023-05-09 00:03:50,10.5071,10.5171
137,2023-05-09 00:03:50,10.5072,10.5172
138,2023-05-09 00:03:51,10.507,10.517
139,2023-05-09 00:03:52,10.5069,10.5169
140,2023-05-09 00:03:52,10.5068,10.5168
141,2023-05-09 00:03:53,10.507,10.517
142,2023-05-09 00:03:53,10.5073,10.5173
143,2023-05-09 00:03:55,10.5072,10.5172
144,2023-05-09 00:03:56,10.5071,10.5171
145,2023-05-09 00:03:56,10.5072,10.5172
146,2023-05-09 00:03:56,10.5071,10.5171
147,2023-05-09 00:03:56,10.507,10.517
148,2023-05-09 00:03:57,10.5071,10.5171
149,2023-05-09 00:03:58,10.5073,10.5173
150,2023-05-09 00:04:00,10.5073,10.5173
151,2023-05-09 00:04:00,10.5072,10.5172
152,2023-05-09 00:04:00,10.5073,10.5173
153,2023-05-09 00:04:01,10.5074,10.5174
154,2023-05-09 00:04:02,10.5073,10.5173
155,2023-05-09 00:04:04,10.5071,10.5171
156,2023-05-09 00:04:04,10.5073,10.5173
157,2023-05-09 00:04:04,10.5072,10.5172
158,2023-05-09 00:04:05,10.5073,10.5173
159,2023-05-09 00:04:07,10.5072,10.5172
160,2023-05-09 00:04:08,10.5073,10.5173
161,2023-05-09 00:04:12,10.5075,10.5175
162,2023-05-09 00:04:13,10.5074,10.5174
163,2023-05-09 00:04:13,10.5075,10.5175
164,2023-05-09 00:04:13,10.5074,10.5174
165,2023-05-09 00:04:13,10.5075,10.5175
166,2023-05-09 00:04:14,10.5074,10.5174
167,2023-05-09 00:04:15,10.508,10.518
168,2023-05-09 00:04:15,10.5079,10.517900000000001
169,2023-05-09 00:04:16,10.508,10.518
170,2023-05-09 00:04:16,10.5081,10.5181
171,2023-05-09 00:04:17,10.508,10.518
172,2023-05-09 00:04:18,10.5079,10.517900000000001
173,2023-05-09 00:04:19,10.508,10.518
174,2023-05-09 00:04:20,10.5079,10.517900000000001
175,2023-05-09 00:04:20,10.508,10.518
176,2023-05-09 00:04:20,10.5079,10.517900000000001
177,2023-05-09 00:04:22,10.5078,10.5178
178,2023-05-09 00:04:23,10.5079,10.517900000000001
179,2023-05-09 00:04:24,10.5078,10.5178
180,2023-05-09 00:04:25,10.5079,10.517900000000001
181,2023-05-09 00:04:25,10.508,10.518
182,2023-05-09 00:04:26,10.5079,10.517900000000001
183,2023-05-09 00:04:26,10.508,10.518
184,2023-05-09 00:04:27,10.5079,10.517900000000001
185,2023-05-09 00:04:28,10.5078,10.5178
186,2023-05-09 00:04:28,10.5077,10.5177
187,2023-05-09 00:04:29,10.5078,10.5178
188,2023-05-09 00:04:31,10.5079,10.517900000000001
189,2023-05-09 00:04:31,10.5077,10.5177
190,2023-05-09 00:04:32,10.5075,10.5175
191,2023-05-09 00:04:40,10.5074,10.5174
192,2023-05-09 00:04:40,10.5075,10.5175
193,2023-05-09 00:04:41,10.5077,10.5177
194,2023-05-09 00:04:42,10.5076,10.5176
195,2023-05-09 00:04:43,10.5077,10.5177
196,2023-05-09 00:04:44,10.5075,10.5175
197,2023-05-09 00:04:44,10.5076,10.5176
198,2023-05-09 00:04:46,10.5075,10.5175
199,2023-05-09 00:04:48,10.5076,10.5176
200,2023-05-09 00:04:49,10.5075,10.5175
201,2023-05-09 00:04:51,10.5074,10.5174
202,2023-05-09 00:04:53,10.5075,10.5175
203,2023-05-09 00:04:54,10.5074,10.5174
204,2023-05-09 00:04:54,10.5072,10.5172
205,2023-05-09 00:05:00,10.5072,10.5172
206,2023-05-09 00:05:00,10.5073,10.5173
207,2023-05-09 00:05:00,10.5072,10.5172
208,2023-05-09 00:05:09,10.5074,10.5174
209,2023-05-09 00:05:10,10.5073,10.5173
210,2023-05-09 00:05:10,10.5076,10.5176
211,2023-05-09 00:05:10,10.5078,10.5178
212,2023-05-09 00:05:10,10.5079,10.517900000000001
213,2023-05-09 00:05:11,10.5077,10.5177
214,2023-05-09 00:05:12,10.508,10.518
215,2023-05-09 00:05:12,10.5076,10.5176
216,2023-05-09 00:05:12,10.5079,10.517900000000001
217,2023-05-09 00:05:13,10.5078,10.5178
218,2023-05-09 00:05:15,10.5079,10.517900000000001
219,2023-05-09 00:05:15,10.508,10.518
220,2023-05-09 00:05:16,10.5077,10.5177
221,2023-05-09 00:05:16,10.5079,10.517900000000001
222,2023-05-09 00:05:18,10.508,10.518
223,2023-05-09 00:05:19,10.5078,10.5178
224,2023-05-09 00:05:19,10.5079,10.517900000000001
225,2023-05-09 00:05:20,10.5077,10.5177
226,2023-05-09 00:05:20,10.5078,10.5178
227,2023-05-09 00:05:21,10.5076,10.5176
228,2023-05-09 00:05:22,10.5075,10.5175
229,2023-05-09 00:05:22,10.5076,10.5176
230,2023-05-09 00:05:23,10.5077,10.5177
231,2023-05-09 00:05:23,10.5076,10.5176
232,2023-05-09 00:05:24,10.5077,10.5177
233,2023-05-09 00:05:24,10.5076,10.5176
234,2023-05-09 00:05:27,10.5074,10.5174
235,2023-05-09 00:05:27,10.5076,10.5176
236,2023-05-09 00:05:29,10.5077,10.5177
237,2023-05-09 00:05:29,10.5076,10.5176
238,2023-05-09 00:05:30,10.5077,10.5177
239,2023-05-09 00:05:51,10.5082,10.5182
240,2023-05-09 00:06:00,10.5082,10.5182
241,2023-05-09 00:06:09,10.5083,10.5183
242,2023-05-09 00:06:11,10.5084,10.5184
243,2023-05-09 00:06:12,10.5083,10.5183
244,2023-05-09 00:06:12,10.5084,10.5184
245,2023-05-09 00:06:12,10.5083,10.5183
246,2023-05-09 00:06:22,10.5087,10.5187
247,2023-05-09 00:06:22,10.5088,10.5188
248,2023-05-09 00:06:22,10.5089,10.5189
249,2023-05-09 00:06:24,10.5088,10.5188
250,2023-05-09 00:06:25,10.5089,10.5189
251,2023-05-09 00:06:25,10.5088,10.5188
252,2023-05-09 00:06:29,10.5083,10.5183
253,2023-05-09 00:06:29,10.5086,10.5186
254,2023-05-09 00:06:30,10.5087,10.5187
255,2023-05-09 00:06:30,10.5089,10.5189
256,2023-05-09 00:06:31,10.5087,10.5187
257,2023-05-09 00:06:31,10.5088,10.5188
258,2023-05-09 00:06:31,10.5087,10.5187
259,2023-05-09 00:06:31,10.5088,10.5188
260,2023-05-09 00:06:33,10.5087,10.5187
261,2023-05-09 00:06:34,10.5088,10.5188
262,2023-05-09 00:06:35,10.5087,10.5187
263,2023-05-09 00:06:37,10.5088,10.5188
264,2023-05-09 00:06:40,10.5089,10.5189
265,2023-05-09 00:06:40,10.5088,10.5188
266,2023-05-09 00:06:40,10.5089,10.5189
267,2023-05-09 00:06:41,10.5088,10.5188
268,2023-05-09 00:06:41,10.5089,10.5189
269,2023-05-09 00:06:42,10.509,10.519
270,2023-05-09 00:06:44,10.5089,10.5189
271,2023-05-09 00:06:46,10.5092,10.5192
272,2023-05-09 00:06:46,10.5091,10.5191
273,2023-05-09 00:06:47,10.5092,10.5192
274,2023-05-09 00:06:48,10.5091,10.5191
275,2023-05-09 00:06:49,10.5092,10.5192
276,2023-05-09 00:06:51,10.5091,10.5191
277,2023-05-09 00:06:51,10.5089,10.5189
278,2023-05-09 00:06:51,10.5087,10.5187
279,2023-05-09 00:06:51,10.509,10.519
280,2023-05-09 00:06:52,10.5091,10.5191
281,2023-05-09 00:06:57,10.5087,10.5187
282,2023-05-09 00:06:57,10.509,10.519
283,2023-05-09 00:07:00,10.509,10.519
284,2023-05-09 00:07:00,10.5091,10.5191
285,2023-05-09 00:07:05,10.509,10.519
286,2023-05-09 00:07:06,10.5091,10.5191
287,2023-05-09 00:07:07,10.5092,10.5192
288,2023-05-09 00:07:08,10.5091,10.5191
289,2023-05-09 00:07:08,10.5092,10.5192
290,2023-05-09 00:07:08,10.5091,10.5191
291,2023-05-09 00:07:13,10.5094,10.5194
292,2023-05-09 00:07:16,10.5093,10.5193
293,2023-05-09 00:07:16,10.5091,10.5191
294,2023-05-09 00:07:16,10.5094,10.5194
295,2023-05-09 00:07:17,10.5092,10.5192
296,2023-05-09 00:07:18,10.5093,10.5193
297,2023-05-09 00:07:18,10.5094,10.5194
298,2023-05-09 00:07:21,10.5093,10.5193
299,2023-05-09 00:07:24,10.5092,10.5192
300,2023-05-09 00:07:24,10.5091,10.5191
301,2023-05-09 00:07:29,10.5092,10.5192
302,2023-05-09 00:07:29,10.5093,10.5193
303,2023-05-09 00:07:30,10.5092,10.5192
304,2023-05-09 00:07:32,10.5091,10.5191
305,2023-05-09 00:07:33,10.5092,10.5192
306,2023-05-09 00:07:34,10.5093,10.5193
307,2023-05-09 00:07:36,10.5092,10.5192
308,2023-05-09 00:07:40,10.5089,10.5189
309,2023-05-09 00:07:41,10.509,10.519
310,2023-05-09 00:07:42,10.5091,10.5191
311,2023-05-09 00:07:42,10.5093,10.5193
312,2023-05-09 00:07:44,10.5092,10.5192
313,2023-05-09 00:07:47,10.5087,10.5187
314,2023-05-09 00:07:48,10.5088,10.5188
315,2023-05-09 00:07:48,10.5087,10.5187
316,2023-05-09 00:07:55,10.5086,10.5186
317,2023-05-09 00:08:00,10.5086,10.5186
318,2023-05-09 00:08:01,10.5085,10.5185
319,2023-05-09 00:08:03,10.5086,10.5186
320,2023-05-09 00:08:03,10.509,10.519
321,2023-05-09 00:08:04,10.5092,10.5192
322,2023-05-09 00:08:04,10.5091,10.5191
323,2023-05-09 00:08:05,10.509,10.519
324,2023-05-09 00:08:06,10.5091,10.5191
325,2023-05-09 00:08:13,10.5092,10.5192
326,2023-05-09 00:08:13,10.5094,10.5194
327,2023-05-09 00:08:14,10.5093,10.5193
328,2023-05-09 00:08:15,10.5095,10.5195
329,2023-05-09 00:08:22,10.509,10.519
330,2023-05-09 00:08:22,10.5093,10.5193
331,2023-05-09 00:08:32,10.5094,10.5194
332,2023-05-09 00:08:32,10.5093,10.5193
333,2023-05-09 00:08:33,10.5092,10.5192
334,2023-05-09 00:08:34,10.5093,10.5193
335,2023-05-09 00:08:34,10.509,10.519
336,2023-05-09 00:08:34,10.5089,10.5189
337,2023-05-09 00:08:36,10.5088,10.5188
338,2023-05-09 00:08:38,10.5089,10.5189
339,2023-05-09 00:08:41,10.5088,10.5188
340,2023-05-09 00:08:42,10.5089,10.5189
341,2023-05-09 00:08:42,10.5088,10.5188
342,2023-05-09 00:08:43,10.5089,10.5189
343,2023-05-09 00:08:44,10.5088,10.5188
344,2023-05-09 00:08:44,10.5089,10.5189
345,2023-05-09 00:08:44,10.5088,10.5188
346,2023-05-09 00:08:48,10.5089,10.5189
347,2023-05-09 00:08:48,10.5088,10.5188
348,2023-05-09 00:08:54,10.5087,10.5187
349,2023-05-09 00:08:54,10.5092,10.5192
350,2023-05-09 00:08:59,10.5097,10.5197
351,2023-05-09 00:08:59,10.5096,10.5196
352,2023-05-09 00:09:00,10.5096,10.5196
353,2023-05-09 00:09:00,10.5097,10.5197
354,2023-05-09 00:09:02,10.51,10.52
355,2023-05-09 00:09:03,10.5099,10.5199
356,2023-05-09 00:09:03,10.51,10.52
357,2023-05-09 00:09:04,10.5102,10.520199999999999
358,2023-05-09 00:09:07,10.5101,10.5201
359,2023-05-09 00:09:08,10.5102,10.520199999999999
360,2023-05-09 00:09:10,10.5103,10.5203
361,2023-05-09 00:09:10,10.5105,10.5205
362,2023-05-09 00:09:14,10.5104,10.5204
363,2023-05-09 00:09:15,10.5105,10.5205
364,2023-05-09 00:09:15,10.5106,10.5206
365,2023-05-09 00:09:16,10.5105,10.5205
366,2023-05-09 00:09:19,10.5106,10.5206
367,2023-05-09 00:09:21,10.5105,10.5205
368,2023-05-09 00:09:21,10.5107,10.5207
369,2023-05-09 00:09:22,10.5111,10.5211
370,2023-05-09 00:09:22,10.5108,10.5208
371,2023-05-09 00:09:22,10.5107,10.5207
372,2023-05-09 00:09:26,10.5106,10.5206
373,2023-05-09 00:09:27,10.5105,10.5205
374,2023-05-09 00:09:33,10.5104,10.5204
375,2023-05-09 00:09:33,10.5103,10.5203
376,2023-05-09 00:09:33,10.5106,10.5206
377,2023-05-09 00:09:34,10.5105,10.5205
378,2023-05-09 00:09:34,10.5106,10.5206
379,2023-05-09 00:09:38,10.5107,10.5207
380,2023-05-09 00:09:39,10.5108,10.5208
381,2023-05-09 00:09:39,10.5107,10.5207
382,2023-05-09 00:09:41,10.5109,10.5209
383,2023-05-09 00:09:41,10.511,10.521
384,2023-05-09 00:09:42,10.5109,10.5209
385,2023-05-09 00:09:43,10.511,10.521
386,2023-05-09 00:09:44,10.5107,10.5207
387,2023-05-09 00:09:45,10.5106,10.5206
388,2023-05-09 00:09:45,10.5105,10.5205
389,2023-05-09 00:09:45,10.5107,10.5207
390,2023-05-09 00:09:46,10.5106,10.5206
391,2023-05-09 00:09:51,10.5107,10.5207
392,2023-05-09 00:09:51,10.5106,10.5206
393,2023-05-09 00:09:54,10.5107,10.5207
394,2023-05-09 00:09:55,10.5108,10.5208
395,2023-05-09 00:09:55,10.5111,10.5211
396,2023-05-09 00:09:57,10.511,10.521
397,2023-05-09 00:09:58,10.5112,10.5212
398,2023-05-09 00:09:58,10.5113,10.5213
399,2023-05-09 00:09:59,10.5106,10.5206
400,2023-05-09 00:10:00,10.5106,10.5206
401,2023-05-09 00:10:00,10.5105,10.5205
402,2023-05-09 00:10:01,10.5106,10.5206
403,2023-05-09 00:10:02,10.5107,10.5207
404,2023-05-09 00:10:04,10.5106,10.5206
405,2023-05-09 00:10:05,10.5105,10.5205
406,2023-05-09 00:10:05,10.5107,10.5207
407,2023-05-09 00:10:06,10.5105,10.5205
408,2023-05-09 00:10:12,10.5106,10.5206
409,2023-05-09 00:10:13,10.5103,10.5203
410,2023-05-09 00:10:14,10.5102,10.520199999999999
411,2023-05-09 00:10:14,10.5101,10.5201
412,2023-05-09 00:10:15,10.5104,10.5204
413,2023-05-09 00:10:15,10.5105,10.5205
414,2023-05-09 00:10:16,10.5106,10.5206
415,2023-05-09 00:10:17,10.5105,10.5205
416,2023-05-09 00:10:22,10.5106,10.5206
417,2023-05-09 00:10:26,10.511,10.521
418,2023-05-09 00:10:26,10.5112,10.5212
419,2023-05-09 00:10:28,10.5111,10.5211
420,2023-05-09 00:10:29,10.511,10.521
421,2023-05-09 00:10:29,10.5112,10.5212
422,2023-05-09 00:10:29,10.511,10.521
423,2023-05-09 00:10:30,10.5112,10.5212
424,2023-05-09 00:10:30,10.5111,10.5211
425,2023-05-09 00:10:32,10.5106,10.5206
426,2023-05-09 00:10:33,10.5108,10.5208
427,2023-05-09 00:10:35,10.5109,10.5209
428,2023-05-09 00:10:36,10.511,10.521
429,2023-05-09 00:10:36,10.5109,10.5209
430,2023-05-09 00:10:36,10.511,10.521
431,2023-05-09 00:10:37,10.5109,10.5209
432,2023-05-09 00:10:37,10.511,10.521
433,2023-05-09 00:10:38,10.5109,10.5209
434,2023-05-09 00:10:39,10.511,10.521
435,2023-05-09 00:10:40,10.5109,10.5209
436,2023-05-09 00:10:40,10.5107,10.5207
437,2023-05-09 00:10:41,10.5106,10.5206
438,2023-05-09 00:10:41,10.5108,10.5208
439,2023-05-09 00:10:41,10.5107,10.5207
440,2023-05-09 00:10:41,10.5106,10.5206
441,2023-05-09 00:10:47,10.5105,10.5205
442,2023-05-09 00:10:48,10.5104,10.5204
443,2023-05-09 00:10:49,10.5106,10.5206
444,2023-05-09 00:10:49,10.5105,10.5205
445,2023-05-09 00:10:54,10.5106,10.5206
446,2023-05-09 00:10:55,10.5104,10.5204
447,2023-05-09 00:10:58,10.5105,10.5205
448,2023-05-09 00:10:59,10.5104,10.5204
449,2023-05-09 00:10:59,10.5103,10.5203
450,2023-05-09 00:11:00,10.5103,10.5203
451,2023-05-09 00:11:01,10.5104,10.5204
452,2023-05-09 00:11:01,10.5105,10.5205
453,2023-05-09 00:11:01,10.5103,10.5203
454,2023-05-09 00:11:02,10.5104,10.5204
455,2023-05-09 00:11:02,10.5103,10.5203
456,2023-05-09 00:11:02,10.5104,10.5204
457,2023-05-09 00:11:03,10.5103,10.5203
458,2023-05-09 00:11:03,10.5098,10.5198
459,2023-05-09 00:11:04,10.5102,10.520199999999999
460,2023-05-09 00:11:04,10.5101,10.5201
461,2023-05-09 00:11:05,10.51,10.52
462,2023-05-09 00:11:05,10.5098,10.5198
463,2023-05-09 00:11:11,10.5097,10.5197
464,2023-05-09 00:11:11,10.5096,10.5196
465,2023-05-09 00:11:15,10.5095,10.5195
466,2023-05-09 00:11:17,10.5097,10.5197
467,2023-05-09 00:11:18,10.5098,10.5198
468,2023-05-09 00:11:22,10.5095,10.5195
469,2023-05-09 00:11:22,10.5094,10.5194
470,2023-05-09 00:11:22,10.5096,10.5196
471,2023-05-09 00:11:23,10.5097,10.5197
472,2023-05-09 00:11:26,10.5098,10.5198
473,2023-05-09 00:11:27,10.5096,10.5196
474,2023-05-09 00:11:27,10.5098,10.5198
475,2023-05-09 00:11:27,10.5099,10.5199
476,2023-05-09 00:11:27,10.5098,10.5198
477,2023-05-09 00:11:28,10.5099,10.5199
478,2023-05-09 00:11:35,10.5098,10.5198
479,2023-05-09 00:11:37,10.5103,10.5203
480,2023-05-09 00:11:37,10.5102,10.520199999999999
481,2023-05-09 00:11:39,10.51,10.52
482,2023-05-09 00:11:40,10.5096,10.5196
483,2023-05-09 00:11:40,10.5102,10.520199999999999
484,2023-05-09 00:11:40,10.5101,10.5201
485,2023-05-09 00:11:40,10.5102,10.520199999999999
486,2023-05-09 00:11:43,10.5101,10.5201
487,2023-05-09 00:11:44,10.5104,10.5204
488,2023-05-09 00:11:44,10.5103,10.5203
489,2023-05-09 00:11:44,10.5105,10.5205
490,2023-05-09 00:11:47,10.5104,10.5204
491,2023-05-09 00:11:47,10.5103,10.5203
492,2023-05-09 00:11:51,10.5104,10.5204
493,2023-05-09 00:11:51,10.5103,10.5203
494,2023-05-09 00:11:52,10.5104,10.5204
495,2023-05-09 00:11:52,10.5101,10.5201
496,2023-05-09 00:11:52,10.5103,10.5203
497,2023-05-09 00:11:53,10.5102,10.520199999999999
498,2023-05-09 00:11:53,10.5104,10.5204
499,2023-05-09 00:11:54,10.5103,10.5203
500,2023-05-09 00:11:54,10.5104,10.5204
501,2023-05-09 00:11:56,10.5103,10.5203
502,2023-05-09 00:11:57,10.5104,10.5204
503,2023-05-09 00:11:58,10.5103,10.5203
504,2023-05-09 00:11:59,10.5096,10.5196
505,2023-05-09 00:11:59,10.51,10.52
506,2023-05-09 00:12:00,10.51,10.52
507,2023-05-09 00:12:01,10.5102,10.520199999999999
508,2023-05-09 00:12:01,10.5101,10.5201
509,2023-05-09 00:12:07,10.5102,10.520199999999999
510,2023-05-09 00:12:07,10.5103,10.5203
511,2023-05-09 00:12:11,10.5104,10.5204
512,2023-05-09 00:12:11,10.5105,10.5205
513,2023-05-09 00:12:13,10.5104,10.5204
514,2023-05-09 00:12:14,10.5103,10.5203
515,2023-05-09 00:12:17,10.5105,10.5205
516,2023-05-09 00:12:19,10.5104,10.5204
517,2023-05-09 00:12:20,10.5102,10.520199999999999
518,2023-05-09 00:12:20,10.51,10.52
519,2023-05-09 00:12:21,10.5103,10.5203
520,2023-05-09 00:12:27,10.5102,10.520199999999999
521,2023-05-09 00:12:27,10.5103,10.5203
522,2023-05-09 00:12:28,10.5102,10.520199999999999
523,2023-05-09 00:12:33,10.5101,10.5201
524,2023-05-09 00:12:33,10.5103,10.5203
525,2023-05-09 00:12:38,10.5104,10.5204
526,2023-05-09 00:12:40,10.5105,10.5205
527,2023-05-09 00:12:40,10.5104,10.5204
528,2023-05-09 00:12:45,10.5103,10.5203
529,2023-05-09 00:12:47,10.5104,10.5204
530,2023-05-09 00:12:48,10.5107,10.5207
531,2023-05-09 00:12:48,10.5108,10.5208
532,2023-05-09 00:12:49,10.5107,10.5207
533,2023-05-09 00:12:51,10.5106,10.5206
534,2023-05-09 00:12:53,10.5108,10.5208
535,2023-05-09 00:12:53,10.5107,10.5207
536,2023-05-09 00:12:55,10.5108,10.5208
537,2023-05-09 00:12:55,10.5106,10.5206
538,2023-05-09 00:12:55,10.5109,10.5209
539,2023-05-09 00:12:55,10.5111,10.5211
540,2023-05-09 00:12:58,10.5112,10.5212
541,2023-05-09 00:12:58,10.5115,10.5215
542,2023-05-09 00:13:00,10.5115,10.5215
543,2023-05-09 00:13:02,10.5113,10.5213
544,2023-05-09 00:13:02,10.5112,10.5212
545,2023-05-09 00:13:03,10.5114,10.5214
546,2023-05-09 00:13:04,10.5113,10.5213
547,2023-05-09 00:13:04,10.5112,10.5212
548,2023-05-09 00:13:05,10.5115,10.5215
549,2023-05-09 00:13:08,10.5119,10.5219
550,2023-05-09 00:13:09,10.511800000000001,10.5218
551,2023-05-09 00:13:10,10.5117,10.5217
552,2023-05-09 00:13:12,10.511800000000001,10.5218
553,2023-05-09 00:13:14,10.5119,10.5219
554,2023-05-09 00:13:15,10.512,10.522
555,2023-05-09 00:13:15,10.5119,10.5219
556,2023-05-09 00:13:16,10.511800000000001,10.5218
557,2023-05-09 00:13:17,10.5119,10.5219
558,2023-05-09 00:13:19,10.5116,10.5216
559,2023-05-09 00:13:20,10.5115,10.5215
560,2023-05-09 00:13:24,10.5112,10.5212
561,2023-05-09 00:13:24,10.5111,10.5211
562,2023-05-09 00:13:24,10.5115,10.5215
563,2023-05-09 00:13:24,10.5117,10.5217
564,2023-05-09 00:13:30,10.5116,10.5216
565,2023-05-09 00:13:31,10.5115,10.5215
566,2023-05-09 00:13:32,10.5116,10.5216
567,2023-05-09 00:13:32,10.5117,10.5217
568,2023-05-09 00:13:33,10.5116,10.5216
569,2023-05-09 00:13:34,10.5117,10.5217
570,2023-05-09 00:13:34,10.5119,10.5219
571,2023-05-09 00:13:36,10.511800000000001,10.5218
572,2023-05-09 00:13:39,10.5119,10.5219
573,2023-05-09 00:13:42,10.511800000000001,10.5218
574,2023-05-09 00:13:42,10.5119,10.5219
575,2023-05-09 00:13:44,10.512,10.522
576,2023-05-09 00:13:44,10.5125,10.5225
577,2023-05-09 00:13:44,10.5124,10.5224
578,2023-05-09 00:13:45,10.5123,10.5223
579,2023-05-09 00:13:46,10.5124,10.5224
580,2023-05-09 00:13:47,10.5123,10.5223
581,2023-05-09 00:13:48,10.5122,10.5222
582,2023-05-09 00:13:48,10.5124,10.5224
583,2023-05-09 00:13:48,10.512,10.522
584,2023-05-09 00:13:49,10.5122,10.5222
585,2023-05-09 00:13:51,10.5123,10.5223
586,2023-05-09 00:13:53,10.5122,10.5222
587,2023-05-09 00:13:53,10.5121,10.5221
588,2023-05-09 00:13:53,10.5123,10.5223
589,2023-05-09 00:13:54,10.5122,10.5222
590,2023-05-09 00:14:00,10.5122,10.5222
591,2023-05-09 00:14:02,10.5123,10.5223
592,2023-05-09 00:14:02,10.5122,10.5222
593,2023-05-09 00:14:06,10.5123,10.5223
594,2023-05-09 00:14:09,10.5124,10.5224
595,2023-05-09 00:14:09,10.5123,10.5223
596,2023-05-09 00:14:10,10.5116,10.5216
597,2023-05-09 00:14:11,10.5115,10.5215
598,2023-05-09 00:14:12,10.5114,10.5214
599,2023-05-09 00:14:13,10.5116,10.5216
600,2023-05-09 00:14:13,10.5115,10.5215
601,2023-05-09 00:14:14,10.5116,10.5216
602,2023-05-09 00:14:17,10.5117,10.5217
603,2023-05-09 00:14:19,10.5116,10.5216
604,2023-05-09 00:14:20,10.5117,10.5217
605,2023-05-09 00:14:20,10.5116,10.5216
606,2023-05-09 00:14:23,10.5115,10.5215
607,2023-05-09 00:14:24,10.5116,10.5216
608,2023-05-09 00:14:27,10.5117,10.5217
609,2023-05-09 00:14:29,10.5116,10.5216
610,2023-05-09 00:14:29,10.5117,10.5217
611,2023-05-09 00:14:30,10.5119,10.5219
612,2023-05-09 00:14:31,10.511800000000001,10.5218
613,2023-05-09 00:14:35,10.5121,10.5221
614,2023-05-09 00:14:35,10.512,10.522
615,2023-05-09 00:14:35,10.5117,10.5217
616,2023-05-09 00:14:36,10.5116,10.5216
617,2023-05-09 00:14:37,10.5117,10.5217
618,2023-05-09 00:14:37,10.5119,10.5219
619,2023-05-09 00:14:39,10.5121,10.5221
620,2023-05-09 00:14:42,10.5125,10.5225
621,2023-05-09 00:14:47,10.512599999999999,10.5226
622,2023-05-09 00:14:48,10.5127,10.5227
623,2023-05-09 00:14:48,10.512599999999999,10.5226
624,2023-05-09 00:14:52,10.5127,10.5227
625,2023-05-09 00:14:52,10.512599999999999,10.5226
626,2023-05-09 00:14:54,10.5124,10.5224
627,2023-05-09 00:14:54,10.5123,10.5223
628,2023-05-09 00:14:55,10.512599999999999,10.5226
629,2023-05-09 00:14:55,10.5125,10.5225
630,2023-05-09 00:14:56,10.5124,10.5224
631,2023-05-09 00:14:57,10.512,10.522
632,2023-05-09 00:14:57,10.5121,10.5221
633,2023-05-09 00:15:00,10.512,10.522
634,2023-05-09 00:15:00,10.5122,10.5222
635,2023-05-09 00:15:01,10.512,10.522
636,2023-05-09 00:15:01,10.5119,10.5219
637,2023-05-09 00:15:02,10.5116,10.5216
638,2023-05-09 00:15:02,10.5115,10.5215
639,2023-05-09 00:15:04,10.5113,10.5213
640,2023-05-09 00:15:05,10.5114,10.5214
641,2023-05-09 00:15:06,10.5116,10.5216
642,2023-05-09 00:15:08,10.511800000000001,10.5218
643,2023-05-09 00:15:09,10.5119,10.5219
644,2023-05-09 00:15:09,10.512,10.522
645,2023-05-09 00:15:09,10.5119,10.5219
646,2023-05-09 00:15:10,10.512,10.522
647,2023-05-09 00:15:10,10.5119,10.5219
648,2023-05-09 00:15:11,10.512,10.522
649,2023-05-09 00:15:12,10.5119,10.5219
650,2023-05-09 00:15:15,10.511800000000001,10.5218
651,2023-05-09 00:15:15,10.512,10.522
652,2023-05-09 00:15:16,10.5119,10.5219
653,2023-05-09 00:15:18,10.5117,10.5217
654,2023-05-09 00:15:19,10.511800000000001,10.5218
655,2023-05-09 00:15:19,10.5117,10.5217
656,2023-05-09 00:15:20,10.5121,10.5221
657,2023-05-09 00:15:21,10.512,10.522
658,2023-05-09 00:15:25,10.5122,10.5222
659,2023-05-09 00:15:28,10.5121,10.5221
660,2023-05-09 00:15:29,10.5119,10.5219
661,2023-05-09 00:15:29,10.512,10.522
662,2023-05-09 00:15:30,10.5121,10.5221
663,2023-05-09 00:15:30,10.512,10.522
664,2023-05-09 00:15:30,10.5119,10.5219
665,2023-05-09 00:15:34,10.5116,10.5216
666,2023-05-09 00:15:35,10.5117,10.5217
667,2023-05-09 00:15:35,10.5116,10.5216
668,2023-05-09 00:15:42,10.5115,10.5215
669,2023-05-09 00:15:43,10.5116,10.5216
670,2023-05-09 00:15:44,10.511800000000001,10.5218
671,2023-05-09 00:15:44,10.5117,10.5217
672,2023-05-09 00:15:44,10.5119,10.5219
673,2023-05-09 00:15:46,10.5121,10.5221
674,2023-05-09 00:15:46,10.512,10.522
675,2023-05-09 00:15:50,10.511800000000001,10.5218
676,2023-05-09 00:15:50,10.5116,10.5216
677,2023-05-09 00:15:51,10.5115,10.5215
678,2023-05-09 00:15:51,10.5116,10.5216
679,2023-05-09 00:15:52,10.5117,10.5217
680,2023-05-09 00:15:52,10.5116,10.5216
681,2023-05-09 00:15:53,10.5117,10.5217
682,2023-05-09 00:15:55,10.5116,10.5216
683,2023-05-09 00:15:56,10.511800000000001,10.5218
684,2023-05-09 00:15:57,10.5116,10.5216
685,2023-05-09 00:16:00,10.5116,10.5216
686,2023-05-09 00:16:00,10.5114,10.5214
687,2023-05-09 00:16:01,10.511,10.521
688,2023-05-09 00:16:02,10.5109,10.5209
689,2023-05-09 00:16:02,10.5111,10.5211
690,2023-05-09 00:16:03,10.5114,10.5214
691,2023-05-09 00:16:21,10.5111,10.5211
692,2023-05-09 00:16:21,10.5114,10.5214
693,2023-05-09 00:16:25,10.5113,10.5213
694,2023-05-09 00:16:25,10.5116,10.5216
695,2023-05-09 00:16:25,10.5115,10.5215
696,2023-05-09 00:16:26,10.5117,10.5217
697,2023-05-09 00:16:28,10.5116,10.5216
698,2023-05-09 00:16:28,10.5117,10.5217
699,2023-05-09 00:16:29,10.5116,10.5216
700,2023-05-09 00:16:32,10.5117,10.5217
701,2023-05-09 00:16:34,10.5119,10.5219
702,2023-05-09 00:16:41,10.511800000000001,10.5218
703,2023-05-09 00:16:42,10.5122,10.5222
704,2023-05-09 00:16:42,10.5123,10.5223
705,2023-05-09 00:16:42,10.5121,10.5221
706,2023-05-09 00:16:44,10.512,10.522
707,2023-05-09 00:16:47,10.5122,10.5222
708,2023-05-09 00:16:49,10.5121,10.5221
709,2023-05-09 00:16:50,10.5122,10.5222
710,2023-05-09 00:16:56,10.5121,10.5221
711,2023-05-09 00:16:57,10.512,10.522
712,2023-05-09 00:16:58,10.5122,10.5222
713,2023-05-09 00:16:58,10.5123,10.5223
714,2023-05-09 00:16:59,10.5124,10.5224
715,2023-05-09 00:16:59,10.5123,10.5223
716,2023-05-09 00:17:00,10.5124,10.5224
717,2023-05-09 00:17:00,10.5123,10.5223
718,2023-05-09 00:17:02,10.511800000000001,10.5218
719,2023-05-09 00:17:03,10.5117,10.5217
720,2023-05-09 00:17:04,10.511800000000001,10.5218
721,2023-05-09 00:17:04,10.5113,10.5213
722,2023-05-09 00:17:05,10.5111,10.5211
723,2023-05-09 00:17:07,10.5112,10.5212
724,2023-05-09 00:17:07,10.5111,10.5211
725,2023-05-09 00:17:09,10.5109,10.5209
726,2023-05-09 00:17:12,10.5112,10.5212
727,2023-05-09 00:17:12,10.5111,10.5211
728,2023-05-09 00:17:17,10.511,10.521
729,2023-05-09 00:17:17,10.5112,10.5212
730,2023-05-09 00:17:21,10.511,10.521
731,2023-05-09 00:17:22,10.5109,10.5209
732,2023-05-09 00:17:22,10.511,10.521
733,2023-05-09 00:17:22,10.5111,10.5211
734,2023-05-09 00:17:26,10.5109,10.5209
735,2023-05-09 00:17:26,10.5108,10.5208
736,2023-05-09 00:17:27,10.5112,10.5212
737,2023-05-09 00:17:27,10.5113,10.5213
738,2023-05-09 00:17:33,10.5111,10.5211
739,2023-05-09 00:17:33,10.5112,10.5212
740,2023-05-09 00:17:34,10.511,10.521
741,2023-05-09 00:17:37,10.5112,10.5212
742,2023-05-09 00:17:38,10.5111,10.5211
743,2023-05-09 00:17:40,10.511,10.521
744,2023-05-09 00:17:40,10.5112,10.5212
745,2023-05-09 00:17:43,10.5115,10.5215
746,2023-05-09 00:17:44,10.5114,10.5214
747,2023-05-09 00:17:45,10.5113,10.5213
748,2023-05-09 00:17:46,10.5114,10.5214
749,2023-05-09 00:17:47,10.5113,10.5213
750,2023-05-09 00:17:47,10.5111,10.5211
751,2023-05-09 00:17:48,10.511,10.521
752,2023-05-09 00:17:49,10.5109,10.5209
753,2023-05-09 00:17:51,10.511,10.521
754,2023-05-09 00:17:51,10.5109,10.5209
755,2023-05-09 00:17:53,10.5111,10.5211
756,2023-05-09 00:17:53,10.5114,10.5214
757,2023-05-09 00:17:53,10.5115,10.5215
758,2023-05-09 00:17:56,10.5117,10.5217
759,2023-05-09 00:17:57,10.5116,10.5216
760,2023-05-09 00:17:58,10.5119,10.5219
761,2023-05-09 00:17:58,10.511800000000001,10.5218
762,2023-05-09 00:18:00,10.511800000000001,10.5218
763,2023-05-09 00:18:04,10.5113,10.5213
764,2023-05-09 00:18:04,10.5116,10.5216
765,2023-05-09 00:18:04,10.5114,10.5214
766,2023-05-09 00:18:08,10.5117,10.5217
767,2023-05-09 00:18:10,10.5116,10.5216
768,2023-05-09 00:18:14,10.5115,10.5215
769,2023-05-09 00:18:15,10.511,10.521
770,2023-05-09 00:18:17,10.5111,10.5211
771,2023-05-09 00:18:17,10.511,10.521
772,2023-05-09 00:18:22,10.5109,10.5209
773,2023-05-09 00:18:26,10.511,10.521
774,2023-05-09 00:18:27,10.5109,10.5209
775,2023-05-09 00:18:28,10.5106,10.5206
776,2023-05-09 00:18:28,10.5109,10.5209
777,2023-05-09 00:18:30,10.5108,10.5208
778,2023-05-09 00:18:38,10.511,10.521
779,2023-05-09 00:18:46,10.5109,10.5209
780,2023-05-09 00:18:47,10.511,10.521
781,2023-05-09 00:18:48,10.5109,10.5209
782,2023-05-09 00:18:48,10.5111,10.5211
783,2023-05-09 00:18:52,10.5109,10.5209
784,2023-05-09 00:18:57,10.5108,10.5208
785,2023-05-09 00:18:57,10.5109,10.5209
786,2023-05-09 00:18:58,10.5108,10.5208
787,2023-05-09 00:18:59,10.511,10.521
788,2023-05-09 00:18:59,10.5109,10.5209
789,2023-05-09 00:19:01,10.5109,10.5209
790,2023-05-09 00:19:03,10.5108,10.5208
791,2023-05-09 00:19:06,10.5107,10.5207
792,2023-05-09 00:19:06,10.5109,10.5209
793,2023-05-09 00:19:09,10.511,10.521
794,2023-05-09 00:19:10,10.5109,10.5209
795,2023-05-09 00:19:18,10.5105,10.5205
796,2023-05-09 00:19:18,10.5104,10.5204
797,2023-05-09 00:19:19,10.5105,10.5205
798,2023-05-09 00:19:19,10.5106,10.5206
799,2023-05-09 00:19:23,10.5104,10.5204
800,2023-05-09 00:19:23,10.5103,10.5203
801,2023-05-09 00:19:30,10.5102,10.520199999999999
802,2023-05-09 00:19:30,10.5104,10.5204
803,2023-05-09 00:19:31,10.5105,10.5205
804,2023-05-09 00:19:32,10.5106,10.5206
805,2023-05-09 00:19:32,10.5105,10.5205
806,2023-05-09 00:19:33,10.5106,10.5206
807,2023-05-09 00:19:34,10.5105,10.5205
808,2023-05-09 00:19:36,10.5106,10.5206
809,2023-05-09 00:19:39,10.5105,10.5205
810,2023-05-09 00:19:40,10.5108,10.5208
811,2023-05-09 00:19:45,10.5107,10.5207
812,2023-05-09 00:19:50,10.5099,10.5199
813,2023-05-09 00:19:50,10.5098,10.5198
814,2023-05-09 00:19:50,10.5099,10.5199
815,2023-05-09 00:19:52,10.5098,10.5198
816,2023-05-09 00:19:58,10.5096,10.5196
817,2023-05-09 00:19:58,10.5099,10.5199
818,2023-05-09 00:19:58,10.5098,10.5198
819,2023-05-09 00:20:00,10.5096,10.5196
820,2023-05-09 00:20:00,10.5094,10.5194
821,2023-05-09 00:20:00,10.5095,10.5195
822,2023-05-09 00:20:01,10.5096,10.5196
823,2023-05-09 00:20:01,10.5094,10.5194
824,2023-05-09 00:20:04,10.5095,10.5195
825,2023-05-09 00:20:04,10.5096,10.5196
826,2023-05-09 00:20:04,10.509,10.519
827,2023-05-09 00:20:05,10.5089,10.5189
828,2023-05-09 00:20:09,10.5088,10.5188
829,2023-05-09 00:20:15,10.509,10.519
830,2023-05-09 00:20:15,10.5092,10.5192
831,2023-05-09 00:20:16,10.5093,10.5193
832,2023-05-09 00:20:16,10.5092,10.5192
833,2023-05-09 00:20:18,10.5091,10.5191
834,2023-05-09 00:20:19,10.509,10.519
835,2023-05-09 00:20:21,10.5092,10.5192
836,2023-05-09 00:20:22,10.5091,10.5191
837,2023-05-09 00:20:24,10.5093,10.5193
838,2023-05-09 00:20:24,10.5092,10.5192
839,2023-05-09 00:20:25,10.5095,10.5195
840,2023-05-09 00:20:25,10.5094,10.5194
841,2023-05-09 00:20:28,10.5092,10.5192
842,2023-05-09 00:20:29,10.5091,10.5191
843,2023-05-09 00:20:30,10.5092,10.5192
844,2023-05-09 00:20:31,10.5091,10.5191
845,2023-05-09 00:20:33,10.5089,10.5189
846,2023-05-09 00:20:38,10.5091,10.5191
847,2023-05-09 00:20:42,10.509,10.519
848,2023-05-09 00:20:43,10.5091,10.5191
849,2023-05-09 00:20:46,10.509,10.519
850,2023-05-09 00:20:46,10.5092,10.5192
851,2023-05-09 00:20:46,10.5093,10.5193
852,2023-05-09 00:20:46,10.5092,10.5192
853,2023-05-09 00:20:48,10.5094,10.5194
854,2023-05-09 00:20:49,10.5093,10.5193
855,2023-05-09 00:20:54,10.5092,10.5192
856,2023-05-09 00:20:54,10.5089,10.5189
857,2023-05-09 00:20:54,10.5091,10.5191
858,2023-05-09 00:20:56,10.5092,10.5192
859,2023-05-09 00:20:58,10.5091,10.5191
860,2023-05-09 00:20:58,10.509,10.519
861,2023-05-09 00:21:00,10.509,10.519
862,2023-05-09 00:21:00,10.5086,10.5186
863,2023-05-09 00:21:02,10.5085,10.5185
864,2023-05-09 00:21:02,10.5086,10.5186
865,2023-05-09 00:21:07,10.5083,10.5183
866,2023-05-09 00:21:07,10.5081,10.5181
867,2023-05-09 00:21:09,10.5082,10.5182
868,2023-05-09 00:21:09,10.5081,10.5181
869,2023-05-09 00:21:10,10.508,10.518
870,2023-05-09 00:21:11,10.5081,10.5181
871,2023-05-09 00:21:11,10.5082,10.5182
872,2023-05-09 00:21:12,10.5081,10.5181
873,2023-05-09 00:21:12,10.508,10.518
874,2023-05-09 00:21:15,10.5085,10.5185
875,2023-05-09 00:21:16,10.5084,10.5184
876,2023-05-09 00:21:16,10.5086,10.5186
877,2023-05-09 00:21:16,10.5089,10.5189
878,2023-05-09 00:21:19,10.5088,10.5188
879,2023-05-09 00:21:20,10.5087,10.5187
880,2023-05-09 00:21:21,10.5088,10.5188
881,2023-05-09 00:21:21,10.5087,10.5187
882,2023-05-09 00:21:22,10.5084,10.5184
883,2023-05-09 00:21:36,10.5085,10.5185
884,2023-05-09 00:21:36,10.5087,10.5187
885,2023-05-09 00:21:37,10.5088,10.5188
886,2023-05-09 00:21:39,10.5087,10.5187
887,2023-05-09 00:21:40,10.5088,10.5188
888,2023-05-09 00:21:40,10.5087,10.5187
889,2023-05-09 00:21:46,10.5088,10.5188
890,2023-05-09 00:21:51,10.5087,10.5187
891,2023-05-09 00:21:56,10.5088,10.5188
892,2023-05-09 00:22:00,10.5088,10.5188
893,2023-05-09 00:22:01,10.5087,10.5187
894,2023-05-09 00:22:02,10.5093,10.5193
895,2023-05-09 00:22:02,10.5089,10.5189
896,2023-05-09 00:22:02,10.509,10.519
897,2023-05-09 00:22:03,10.5092,10.5192
898,2023-05-09 00:22:04,10.5093,10.5193
899,2023-05-09 00:22:05,10.5092,10.5192
900,2023-05-09 00:22:06,10.5093,10.5193
901,2023-05-09 00:22:07,10.5097,10.5197
902,2023-05-09 00:22:07,10.5092,10.5192
903,2023-05-09 00:22:09,10.5091,10.5191
904,2023-05-09 00:22:10,10.5088,10.5188
905,2023-05-09 00:22:10,10.5092,10.5192
906,2023-05-09 00:22:10,10.5091,10.5191
907,2023-05-09 00:22:15,10.509,10.519
908,2023-05-09 00:22:15,10.5091,10.5191
909,2023-05-09 00:22:16,10.5092,10.5192
910,2023-05-09 00:22:20,10.5091,10.5191
911,2023-05-09 00:22:20,10.5092,10.5192
912,2023-05-09 00:22:21,10.5093,10.5193
913,2023-05-09 00:22:21,10.5095,10.5195
914,2023-05-09 00:22:21,10.5093,10.5193
915,2023-05-09 00:22:22,10.5092,10.5192
916,2023-05-09 00:22:22,10.5093,10.5193
917,2023-05-09 00:22:26,10.5095,10.5195
918,2023-05-09 00:22:26,10.5094,10.5194
919,2023-05-09 00:22:27,10.5091,10.5191
920,2023-05-09 00:22:29,10.5092,10.5192
921,2023-05-09 00:22:30,10.5091,10.5191
922,2023-05-09 00:22:30,10.5092,10.5192
923,2023-05-09 00:22:31,10.5094,10.5194
924,2023-05-09 00:22:32,10.5095,10.5195
925,2023-05-09 00:22:32,10.5094,10.5194
926,2023-05-09 00:22:36,10.5095,10.5195
927,2023-05-09 00:22:37,10.5094,10.5194
928,2023-05-09 00:22:37,10.5096,10.5196
929,2023-05-09 00:22:37,10.5098,10.5198
930,2023-05-09 00:22:41,10.5097,10.5197
931,2023-05-09 00:22:45,10.5096,10.5196
932,2023-05-09 00:22:47,10.5101,10.5201
933,2023-05-09 00:22:47,10.5104,10.5204
934,2023-05-09 00:22:47,10.5108,10.5208
935,2023-05-09 00:22:47,10.511,10.521
936,2023-05-09 00:22:48,10.5109,10.5209
937,2023-05-09 00:22:48,10.511,10.521
938,2023-05-09 00:22:48,10.5109,10.5209
939,2023-05-09 00:22:49,10.5108,10.5208
940,2023-05-09 00:22:50,10.5107,10.5207
941,2023-05-09 00:22:51,10.5109,10.5209
942,2023-05-09 00:22:53,10.5108,10.5208
943,2023-05-09 00:22:53,10.5107,10.5207
944,2023-05-09 00:22:57,10.511,10.521
945,2023-05-09 00:22:57,10.5111,10.5211
946,2023-05-09 00:23:00,10.5111,10.5211
947,2023-05-09 00:23:07,10.5113,10.5213
948,2023-05-09 00:23:07,10.5114,10.5214
949,2023-05-09 00:23:08,10.5113,10.5213
950,2023-05-09 00:23:09,10.5115,10.5215
951,2023-05-09 00:23:10,10.5113,10.5213
952,2023-05-09 00:23:11,10.5114,10.5214
953,2023-05-09 00:23:11,10.5111,10.5211
954,2023-05-09 00:23:12,10.5113,10.5213
955,2023-05-09 00:23:12,10.5114,10.5214
956,2023-05-09 00:23:13,10.5111,10.5211
957,2023-05-09 00:23:14,10.5112,10.5212
958,2023-05-09 00:23:15,10.5113,10.5213
959,2023-05-09 00:23:16,10.5112,10.5212
960,2023-05-09 00:23:21,10.5114,10.5214
961,2023-05-09 00:23:21,10.5113,10.5213
962,2023-05-09 00:23:22,10.5114,10.5214
963,2023-05-09 00:23:23,10.5113,10.5213
964,2023-05-09 00:23:26,10.5112,10.5212
965,2023-05-09 00:23:27,10.5113,10.5213
966,2023-05-09 00:23:27,10.5114,10.5214
967,2023-05-09 00:23:28,10.5115,10.5215
968,2023-05-09 00:23:28,10.5114,10.5214
969,2023-05-09 00:23:30,10.5115,10.5215
970,2023-05-09 00:23:30,10.5116,10.5216
971,2023-05-09 00:23:30,10.5117,10.5217
972,2023-05-09 00:23:30,10.5116,10.5216
973,2023-05-09 00:23:31,10.5115,10.5215
974,2023-05-09 00:23:32,10.5116,10.5216
975,2023-05-09 00:23:32,10.5115,10.5215
976,2023-05-09 00:23:32,10.5116,10.5216
977,2023-05-09 00:23:33,10.5115,10.5215
978,2023-05-09 00:23:36,10.5116,10.5216
979,2023-05-09 00:23:36,10.5117,10.5217
980,2023-05-09 00:23:37,10.5116,10.5216
981,2023-05-09 00:23:37,10.5115,10.5215
982,2023-05-09 00:23:38,10.5116,10.5216
983,2023-05-09 00:23:40,10.5115,10.5215
984,2023-05-09 00:23:41,10.5114,10.5214
985,2023-05-09 00:23:45,10.5113,10.5213
986,2023-05-09 00:23:47,10.5114,10.5214
987,2023-05-09 00:23:47,10.5113,10.5213
988,2023-05-09 00:23:47,10.5112,10.5212
989,2023-05-09 00:23:48,10.5115,10.5215
990,2023-05-09 00:23:48,10.5114,10.5214
991,2023-05-09 00:23:48,10.5115,10.5215
992,2023-05-09 00:23:50,10.5113,10.5213
993,2023-05-09 00:23:51,10.5114,10.5214
994,2023-05-09 00:23:52,10.5113,10.5213
995,2023-05-09 00:23:56,10.5114,10.5214
996,2023-05-09 00:23:56,10.5115,10.5215
997,2023-05-09 00:23:57,10.5114,10.5214
998,2023-05-09 00:23:58,10.5115,10.5215
999,2023-05-09 00:24:00,10.5115,10.5215
1000,2023-05-09 00:24:00,10.5114,10.5214
1001,2023-05-09 00:24:04,10.5115,10.5215
1002,2023-05-09 00:24:06,10.5114,10.5214
1003,2023-05-09 00:24:06,10.5115,10.5215
1004,2023-05-09 00:24:06,10.5114,10.5214
1005,2023-05-09 00:24:07,10.5116,10.5216
1006,2023-05-09 00:24:11,10.5117,10.5217
1007,2023-05-09 00:24:11,10.5116,10.5216
1008,2023-05-09 00:24:11,10.5117,10.5217
1009,2023-05-09 00:24:11,10.5116,10.5216
1010,2023-05-09 00:24:17,10.5115,10.5215
1011,2023-05-09 00:24:18,10.5114,10.5214
1012,2023-05-09 00:24:18,10.5116,10.5216
1013,2023-05-09 00:24:18,10.5117,10.5217
1014,2023-05-09 00:24:21,10.5116,10.5216
1015,2023-05-09 00:24:23,10.5115,10.5215
1016,2023-05-09 00:24:23,10.511800000000001,10.5218
1017,2023-05-09 00:24:23,10.5119,10.5219
1018,2023-05-09 00:24:23,10.511800000000001,10.5218
1019,2023-05-09 00:24:24,10.5119,10.5219
1020,2023-05-09 00:24:24,10.511800000000001,10.5218
1021,2023-05-09 00:24:25,10.5117,10.5217
1022,2023-05-09 00:24:28,10.511800000000001,10.5218
1023,2023-05-09 00:24:28,10.5117,10.5217
1024,2023-05-09 00:24:31,10.5114,10.5214
1025,2023-05-09 00:24:32,10.5116,10.5216
1026,2023-05-09 00:24:32,10.5117,10.5217
1027,2023-05-09 00:24:34,10.5116,10.5216
1028,2023-05-09 00:24:37,10.5115,10.5215
1029,2023-05-09 00:24:37,10.5117,10.5217
1030,2023-05-09 00:24:38,10.5116,10.5216
1031,2023-05-09 00:24:38,10.5117,10.5217
1032,2023-05-09 00:24:39,10.5116,10.5216
1033,2023-05-09 00:24:41,10.5115,10.5215
1034,2023-05-09 00:24:41,10.5114,10.5214
1035,2023-05-09 00:24:42,10.5113,10.5213
1036,2023-05-09 00:24:48,10.5112,10.5212
1037,2023-05-09 00:24:49,10.5113,10.5213
1038,2023-05-09 00:24:50,10.5112,10.5212
1039,2023-05-09 00:24:52,10.5111,10.5211
1040,2023-05-09 00:24:52,10.5112,10.5212
1041,2023-05-09 00:24:52,10.5113,10.5213
1042,2023-05-09 00:24:53,10.5114,10.5214
1043,2023-05-09 00:24:53,10.5113,10.5213
1044,2023-05-09 00:24:54,10.5112,10.5212
1045,2023-05-09 00:24:56,10.5111,10.5211
1046,2023-05-09 00:24:56,10.5113,10.5213
1047,2023-05-09 00:24:57,10.5112,10.5212
1048,2023-05-09 00:24:58,10.5114,10.5214
1049,2023-05-09 00:24:58,10.5113,10.5213
1050,2023-05-09 00:25:00,10.5113,10.5213
1051,2023-05-09 00:25:02,10.5115,10.5215
1052,2023-05-09 00:25:03,10.5114,10.5214
1053,2023-05-09 00:25:09,10.5115,10.5215
1054,2023-05-09 00:25:19,10.512,10.522
1055,2023-05-09 00:25:20,10.512599999999999,10.5226
1056,2023-05-09 00:25:20,10.513,10.523
1057,2023-05-09 00:25:21,10.5134,10.5234
1058,2023-05-09 00:25:21,10.5133,10.5233
1059,2023-05-09 00:25:21,10.513,10.523
1060,2023-05-09 00:25:22,10.5131,10.5231
1061,2023-05-09 00:25:22,10.513,10.523
1062,2023-05-09 00:25:22,10.5131,10.5231
1063,2023-05-09 00:25:22,10.5129,10.5229
1064,2023-05-09 00:25:23,10.5131,10.5231
1065,2023-05-09 00:25:25,10.513,10.523
1066,2023-05-09 00:25:26,10.5129,10.5229
1067,2023-05-09 00:25:27,10.512599999999999,10.5226
1068,2023-05-09 00:25:28,10.5131,10.5231
1069,2023-05-09 00:25:28,10.5132,10.5232
1070,2023-05-09 00:25:29,10.5131,10.5231
1071,2023-05-09 00:25:29,10.5132,10.5232
1072,2023-05-09 00:25:29,10.5135,10.5235
1073,2023-05-09 00:25:29,10.5134,10.5234
1074,2023-05-09 00:25:30,10.5135,10.5235
1075,2023-05-09 00:25:32,10.5137,10.5237
1076,2023-05-09 00:25:32,10.5139,10.5239
1077,2023-05-09 00:25:32,10.514,10.524000000000001
1078,2023-05-09 00:25:32,10.5139,10.5239
1079,2023-05-09 00:25:33,10.514,10.524000000000001
1080,2023-05-09 00:25:33,10.5141,10.5241
1081,2023-05-09 00:25:34,10.5139,10.5239
1082,2023-05-09 00:25:36,10.5141,10.5241
1083,2023-05-09 00:25:38,10.514,10.524000000000001
1084,2023-05-09 00:25:39,10.5139,10.5239
1085,2023-05-09 00:25:39,10.5138,10.5238
1086,2023-05-09 00:25:40,10.514,10.524000000000001
1087,2023-05-09 00:25:40,10.5139,10.5239
1088,2023-05-09 00:25:41,10.514,10.524000000000001
1089,2023-05-09 00:25:42,10.5139,10.5239
1090,2023-05-09 00:25:44,10.514,10.524000000000001
1091,2023-05-09 00:25:45,10.5139,10.5239
1092,2023-05-09 00:25:46,10.5138,10.5238
1093,2023-05-09 00:25:46,10.5139,10.5239
1094,2023-05-09 00:25:48,10.5134,10.5234
1095,2023-05-09 00:25:48,10.5136,10.5236
1096,2023-05-09 00:25:48,10.5137,10.5237
1097,2023-05-09 00:25:49,10.5136,10.5236
1098,2023-05-09 00:25:50,10.5135,10.5235
1099,2023-05-09 00:25:51,10.5136,10.5236
1100,2023-05-09 00:25:53,10.5128,10.5228
1101,2023-05-09 00:25:54,10.5129,10.5229
1102,2023-05-09 00:25:54,10.5128,10.5228
1103,2023-05-09 00:25:55,10.5129,10.5229
1104,2023-05-09 00:26:00,10.5129,10.5229
1105,2023-05-09 00:26:00,10.513,10.523
1106,2023-05-09 00:26:01,10.5129,10.5229
1107,2023-05-09 00:26:09,10.5121,10.5221
1108,2023-05-09 00:26:09,10.5125,10.5225
1109,2023-05-09 00:26:10,10.5127,10.5227
1110,2023-05-09 00:26:10,10.5134,10.5234
1111,2023-05-09 00:26:10,10.5135,10.5235
1112,2023-05-09 00:26:11,10.5134,10.5234
1113,2023-05-09 00:26:11,10.5133,10.5233
1114,2023-05-09 00:26:13,10.5132,10.5232
1115,2023-05-09 00:26:14,10.5134,10.5234
1116,2023-05-09 00:26:15,10.5133,10.5233
1117,2023-05-09 00:26:18,10.5132,10.5232
1118,2023-05-09 00:26:19,10.5133,10.5233
1119,2023-05-09 00:26:20,10.5134,10.5234
1120,2023-05-09 00:26:20,10.5137,10.5237
1121,2023-05-09 00:26:21,10.5136,10.5236
1122,2023-05-09 00:26:22,10.5137,10.5237
1123,2023-05-09 00:26:24,10.5136,10.5236
1124,2023-05-09 00:26:25,10.5137,10.5237
1125,2023-05-09 00:26:26,10.5136,10.5236
1126,2023-05-09 00:26:26,10.5135,10.5235
1127,2023-05-09 00:26:26,10.5138,10.5238
1128,2023-05-09 00:26:27,10.5139,10.5239
1129,2023-05-09 00:26:27,10.5137,10.5237
1130,2023-05-09 00:26:30,10.5138,10.5238
1131,2023-05-09 00:26:30,10.5141,10.5241
1132,2023-05-09 00:26:31,10.514,10.524000000000001
1133,2023-05-09 00:26:31,10.5139,10.5239
1134,2023-05-09 00:26:36,10.5136,10.5236
1135,2023-05-09 00:26:38,10.5132,10.5232
1136,2023-05-09 00:26:38,10.5133,10.5233
1137,2023-05-09 00:26:38,10.5134,10.5234
1138,2023-05-09 00:26:38,10.5137,10.5237
1139,2023-05-09 00:26:39,10.5138,10.5238
1140,2023-05-09 00:26:40,10.5139,10.5239
1141,2023-05-09 00:26:40,10.514,10.524000000000001
1142,2023-05-09 00:26:41,10.5139,10.5239
1143,2023-05-09 00:26:47,10.5137,10.5237
1144,2023-05-09 00:26:47,10.5138,10.5238
1145,2023-05-09 00:26:48,10.5139,10.5239
1146,2023-05-09 00:26:48,10.5138,10.5238
1147,2023-05-09 00:26:49,10.5139,10.5239
1148,2023-05-09 00:26:50,10.5138,10.5238
1149,2023-05-09 00:26:50,10.5139,10.5239
1150,2023-05-09 00:26:51,10.5141,10.5241
1151,2023-05-09 00:26:51,10.5143,10.5243
1152,2023-05-09 00:26:51,10.5142,10.5242
1153,2023-05-09 00:26:52,10.5143,10.5243
1154,2023-05-09 00:26:53,10.5144,10.5244
1155,2023-05-09 00:26:53,10.5142,10.5242
1156,2023-05-09 00:26:55,10.5143,10.5243
1157,2023-05-09 00:26:55,10.5142,10.5242
1158,2023-05-09 00:26:58,10.5141,10.5241
1159,2023-05-09 00:26:59,10.5142,10.5242
1160,2023-05-09 00:27:00,10.5142,10.5242
1161,2023-05-09 00:27:01,10.5141,10.5241
1162,2023-05-09 00:27:01,10.5143,10.5243
1163,2023-05-09 00:27:02,10.5144,10.5244
1164,2023-05-09 00:27:02,10.5143,10.5243
1165,2023-05-09 00:27:03,10.5142,10.5242
1166,2023-05-09 00:27:03,10.5143,10.5243
1167,2023-05-09 00:27:04,10.5142,10.5242
1168,2023-05-09 00:27:04,10.5143,10.5243
1169,2023-05-09 00:27:04,10.5142,10.5242
1170,2023-05-09 00:27:05,10.5143,10.5243
1171,2023-05-09 00:27:05,10.5142,10.5242
1172,2023-05-09 00:27:06,10.5143,10.5243
1173,2023-05-09 00:27:06,10.5142,10.5242
1174,2023-05-09 00:27:08,10.5143,10.5243
1175,2023-05-09 00:27:10,10.5142,10.5242
1176,2023-05-09 00:27:10,10.5143,10.5243
1177,2023-05-09 00:27:10,10.5142,10.5242
1178,2023-05-09 00:27:10,10.5143,10.5243
1179,2023-05-09 00:27:11,10.5142,10.5242
1180,2023-05-09 00:27:11,10.5144,10.5244
1181,2023-05-09 00:27:13,10.5145,10.5245
1182,2023-05-09 00:27:15,10.5144,10.5244
1183,2023-05-09 00:27:21,10.5145,10.5245
1184,2023-05-09 00:27:22,10.5148,10.5248
1185,2023-05-09 00:27:22,10.5147,10.5247
1186,2023-05-09 00:27:22,10.5148,10.5248
1187,2023-05-09 00:27:23,10.5149,10.5249
1188,2023-05-09 00:27:25,10.5147,10.5247
1189,2023-05-09 00:27:27,10.5146,10.5246
1190,2023-05-09 00:27:28,10.5147,10.5247
1191,2023-05-09 00:27:29,10.5144,10.5244
1192,2023-05-09 00:27:29,10.5146,10.5246
1193,2023-05-09 00:27:29,10.5147,10.5247
1194,2023-05-09 00:27:31,10.5148,10.5248
1195,2023-05-09 00:27:32,10.5145,10.5245
1196,2023-05-09 00:27:32,10.5144,10.5244
1197,2023-05-09 00:27:32,10.5143,10.5243
1198,2023-05-09 00:27:33,10.5144,10.5244
1199,2023-05-09 00:27:34,10.5143,10.5243
1200,2023-05-09 00:27:38,10.5142,10.5242
1201,2023-05-09 00:27:42,10.5144,10.5244
1202,2023-05-09 00:27:42,10.5145,10.5245
1203,2023-05-09 00:27:42,10.5144,10.5244
1204,2023-05-09 00:27:42,10.5146,10.5246
1205,2023-05-09 00:27:43,10.5145,10.5245
1206,2023-05-09 00:27:44,10.5144,10.5244
1207,2023-05-09 00:27:45,10.5145,10.5245
1208,2023-05-09 00:27:45,10.5144,10.5244
1209,2023-05-09 00:27:46,10.5145,10.5245
1210,2023-05-09 00:27:47,10.5144,10.5244
1211,2023-05-09 00:27:47,10.5145,10.5245
1212,2023-05-09 00:27:48,10.5144,10.5244
1213,2023-05-09 00:27:49,10.5145,10.5245
1214,2023-05-09 00:27:49,10.5144,10.5244
1215,2023-05-09 00:27:50,10.5145,10.5245
1216,2023-05-09 00:27:52,10.5144,10.5244
1217,2023-05-09 00:27:52,10.5145,10.5245
1218,2023-05-09 00:27:53,10.5144,10.5244
1219,2023-05-09 00:27:53,10.5145,10.5245
1220,2023-05-09 00:27:55,10.5144,10.5244
1221,2023-05-09 00:27:56,10.5134,10.5234
1222,2023-05-09 00:27:56,10.5133,10.5233
1223,2023-05-09 00:27:57,10.5132,10.5232
1224,2023-05-09 00:28:00,10.5132,10.5232
1225,2023-05-09 00:28:00,10.5131,10.5231
1226,2023-05-09 00:28:04,10.513,10.523
1227,2023-05-09 00:28:04,10.5127,10.5227
1228,2023-05-09 00:28:04,10.5129,10.5229
1229,2023-05-09 00:28:05,10.5135,10.5235
1230,2023-05-09 00:28:05,10.5138,10.5238
1231,2023-05-09 00:28:06,10.5137,10.5237
1232,2023-05-09 00:28:07,10.5136,10.5236
1233,2023-05-09 00:28:11,10.5134,10.5234
1234,2023-05-09 00:28:13,10.5135,10.5235
1235,2023-05-09 00:28:14,10.5134,10.5234
1236,2023-05-09 00:28:18,10.5136,10.5236
1237,2023-05-09 00:28:21,10.5135,10.5235
1238,2023-05-09 00:28:22,10.5136,10.5236
1239,2023-05-09 00:28:22,10.5135,10.5235
1240,2023-05-09 00:28:23,10.5136,10.5236
1241,2023-05-09 00:28:23,10.5135,10.5235
1242,2023-05-09 00:28:24,10.5136,10.5236
1243,2023-05-09 00:28:25,10.5135,10.5235
1244,2023-05-09 00:28:26,10.5136,10.5236
1245,2023-05-09 00:28:28,10.5135,10.5235
1246,2023-05-09 00:28:30,10.5139,10.5239
1247,2023-05-09 00:28:30,10.514,10.524000000000001
1248,2023-05-09 00:28:30,10.5138,10.5238
1249,2023-05-09 00:28:32,10.5139,10.5239
1250,2023-05-09 00:28:32,10.5138,10.5238
1251,2023-05-09 00:28:42,10.5137,10.5237
1252,2023-05-09 00:28:43,10.5133,10.5233
1253,2023-05-09 00:28:43,10.5134,10.5234
1254,2023-05-09 00:28:44,10.5133,10.5233
1255,2023-05-09 00:28:46,10.5134,10.5234
1256,2023-05-09 00:28:48,10.5133,10.5233
1257,2023-05-09 00:28:50,10.5134,10.5234
1258,2023-05-09 00:28:50,10.5135,10.5235
1259,2023-05-09 00:29:00,10.5135,10.5235
1260,2023-05-09 00:29:03,10.5134,10.5234
1261,2023-05-09 00:29:04,10.5131,10.5231
1262,2023-05-09 00:29:08,10.5132,10.5232
1263,2023-05-09 00:29:11,10.5131,10.5231
1264,2023-05-09 00:29:18,10.5137,10.5237
1265,2023-05-09 00:29:18,10.5138,10.5238
1266,2023-05-09 00:29:20,10.5136,10.5236
1267,2023-05-09 00:29:20,10.5135,10.5235
1268,2023-05-09 00:29:20,10.5134,10.5234
1269,2023-05-09 00:29:21,10.5133,10.5233
1270,2023-05-09 00:29:21,10.5132,10.5232
1271,2023-05-09 00:29:22,10.513,10.523
1272,2023-05-09 00:29:22,10.5129,10.5229
1273,2023-05-09 00:29:23,10.5128,10.5228
1274,2023-05-09 00:29:25,10.512599999999999,10.5226
1275,2023-05-09 00:29:27,10.5125,10.5225
1276,2023-05-09 00:29:27,10.512599999999999,10.5226
1277,2023-05-09 00:29:30,10.5125,10.5225
1278,2023-05-09 00:29:31,10.512599999999999,10.5226
1279,2023-05-09 00:29:32,10.5125,10.5225
1280,2023-05-09 00:29:38,10.512599999999999,10.5226
1281,2023-05-09 00:29:38,10.5124,10.5224
1282,2023-05-09 00:29:39,10.5123,10.5223
1283,2023-05-09 00:29:40,10.5124,10.5224
1284,2023-05-09 00:29:43,10.5123,10.5223
1285,2023-05-09 00:29:44,10.5124,10.5224
1286,2023-05-09 00:29:45,10.5123,10.5223
1287,2023-05-09 00:29:45,10.5124,10.5224
1288,2023-05-09 00:29:46,10.5123,10.5223
1289,2023-05-09 00:29:47,10.5124,10.5224
1290,2023-05-09 00:29:47,10.5123,10.5223
1291,2023-05-09 00:29:48,10.5124,10.5224
1292,2023-05-09 00:29:49,10.5123,10.5223
1293,2023-05-09 00:29:50,10.5124,10.5224
1294,2023-05-09 00:29:50,10.5123,10.5223
1295,2023-05-09 00:29:51,10.5124,10.5224
1296,2023-05-09 00:29:51,10.5123,10.5223
1297,2023-05-09 00:29:53,10.5119,10.5219
1298,2023-05-09 00:29:54,10.511800000000001,10.5218
1299,2023-05-09 00:29:56,10.5119,10.5219
1300,2023-05-09 00:29:58,10.511800000000001,10.5218
1301,2023-05-09 00:30:00,10.511800000000001,10.5218
1302,2023-05-09 00:30:00,10.5119,10.5219
1303,2023-05-09 00:30:00,10.511800000000001,10.5218
1304,2023-05-09 00:30:00,10.5119,10.5219
1305,2023-05-09 00:30:01,10.511800000000001,10.5218
1306,2023-05-09 00:30:01,10.5119,10.5219
1307,2023-05-09 00:30:02,10.511800000000001,10.5218
1308,2023-05-09 00:30:03,10.5119,10.5219
1309,2023-05-09 00:30:03,10.511800000000001,10.5218
1310,2023-05-09 00:30:03,10.5117,10.5217
1311,2023-05-09 00:30:04,10.5114,10.5214
1312,2023-05-09 00:30:04,10.5113,10.5213
1313,2023-05-09 00:30:06,10.5114,10.5214
1314,2023-05-09 00:30:06,10.5113,10.5213
1315,2023-05-09 00:30:08,10.5114,10.5214
1316,2023-05-09 00:30:08,10.5113,10.5213
1317,2023-05-09 00:30:11,10.5114,10.5214
1318,2023-05-09 00:30:11,10.5113,10.5213
1319,2023-05-09 00:30:12,10.5112,10.5212
1320,2023-05-09 00:30:14,10.5114,10.5214
1321,2023-05-09 00:30:14,10.5113,10.5213
1322,2023-05-09 00:30:14,10.5112,10.5212
1323,2023-05-09 00:30:15,10.5114,10.5214
1324,2023-05-09 00:30:15,10.5113,10.5213
1325,2023-05-09 00:30:15,10.5114,10.5214
1326,2023-05-09 00:30:16,10.5113,10.5213
1327,2023-05-09 00:30:17,10.5112,10.5212
1328,2023-05-09 00:30:18,10.5111,10.5211
1329,2023-05-09 00:30:20,10.511,10.521
1330,2023-05-09 00:30:21,10.5108,10.5208
1331,2023-05-09 00:30:21,10.5109,10.5209
1332,2023-05-09 00:30:22,10.511,10.521
1333,2023-05-09 00:30:22,10.5109,10.5209
1334,2023-05-09 00:30:23,10.511,10.521
1335,2023-05-09 00:30:23,10.5109,10.5209
1336,2023-05-09 00:30:24,10.5111,10.5211
1337,2023-05-09 00:30:24,10.5113,10.5213
1338,2023-05-09 00:30:25,10.5112,10.5212
1339,2023-05-09 00:30:25,10.5113,10.5213
1340,2023-05-09 00:30:26,10.5112,10.5212
1341,2023-05-09 00:30:27,10.5115,10.5215
1342,2023-05-09 00:30:30,10.5116,10.5216
1343,2023-05-09 00:30:31,10.5119,10.5219
1344,2023-05-09 00:30:31,10.511800000000001,10.5218
1345,2023-05-09 00:30:37,10.5117,10.5217
1346,2023-05-09 00:30:39,10.511800000000001,10.5218
1347,2023-05-09 00:30:40,10.5117,10.5217
1348,2023-05-09 00:30:40,10.511800000000001,10.5218
1349,2023-05-09 00:30:41,10.5117,10.5217
1350,2023-05-09 00:30:44,10.511800000000001,10.5218
1351,2023-05-09 00:30:44,10.5117,10.5217
1352,2023-05-09 00:30:46,10.5112,10.5212
1353,2023-05-09 00:30:46,10.5113,10.5213
1354,2023-05-09 00:30:47,10.5112,10.5212
1355,2023-05-09 00:30:49,10.5113,10.5213
1356,2023-05-09 00:30:51,10.5112,10.5212
1357,2023-05-09 00:30:53,10.5113,10.5213
1358,2023-05-09 00:30:54,10.5114,10.5214
1359,2023-05-09 00:30:54,10.5112,10.5212
1360,2023-05-09 00:30:58,10.5113,10.5213
1361,2023-05-09 00:30:59,10.5112,10.5212
1362,2023-05-09 00:31:00,10.5112,10.5212
1363,2023-05-09 00:31:00,10.5113,10.5213
1364,2023-05-09 00:31:01,10.5112,10.5212
1365,2023-05-09 00:31:03,10.5111,10.5211
1366,2023-05-09 00:31:03,10.511,10.521
1367,2023-05-09 00:31:04,10.5111,10.5211
1368,2023-05-09 00:31:05,10.5112,10.5212
1369,2023-05-09 00:31:05,10.5113,10.5213
1370,2023-05-09 00:31:06,10.5112,10.5212
1371,2023-05-09 00:31:06,10.5113,10.5213
1372,2023-05-09 00:31:09,10.5112,10.5212
1373,2023-05-09 00:31:10,10.511,10.521
1374,2023-05-09 00:31:10,10.5111,10.5211
1375,2023-05-09 00:31:14,10.5113,10.5213
1376,2023-05-09 00:31:16,10.5109,10.5209
1377,2023-05-09 00:31:16,10.511,10.521
1378,2023-05-09 00:31:16,10.5112,10.5212
1379,2023-05-09 00:31:16,10.5113,10.5213
1380,2023-05-09 00:31:17,10.5114,10.5214
1381,2023-05-09 00:31:18,10.5113,10.5213
1382,2023-05-09 00:31:18,10.5114,10.5214
1383,2023-05-09 00:31:19,10.5115,10.5215
1384,2023-05-09 00:31:22,10.5114,10.5214
1385,2023-05-09 00:31:24,10.5116,10.5216
1386,2023-05-09 00:31:26,10.5115,10.5215
1387,2023-05-09 00:31:26,10.5116,10.5216
1388,2023-05-09 00:31:28,10.5115,10.5215
1389,2023-05-09 00:31:29,10.5116,10.5216
1390,2023-05-09 00:31:31,10.5115,10.5215
1391,2023-05-09 00:31:33,10.5114,10.5214
1392,2023-05-09 00:31:33,10.5115,10.5215
1393,2023-05-09 00:31:34,10.5114,10.5214
1394,2023-05-09 00:31:35,10.5115,10.5215
1395,2023-05-09 00:31:41,10.5114,10.5214
1396,2023-05-09 00:31:41,10.5115,10.5215
1397,2023-05-09 00:31:41,10.5114,10.5214
1398,2023-05-09 00:31:42,10.5115,10.5215
1399,2023-05-09 00:31:42,10.5114,10.5214
1400,2023-05-09 00:31:42,10.5109,10.5209
1401,2023-05-09 00:31:43,10.5112,10.5212
1402,2023-05-09 00:31:43,10.5113,10.5213
1403,2023-05-09 00:31:43,10.5112,10.5212
1404,2023-05-09 00:31:44,10.5113,10.5213
1405,2023-05-09 00:31:46,10.5112,10.5212
1406,2023-05-09 00:31:54,10.5115,10.5215
1407,2023-05-09 00:31:55,10.5116,10.5216
1408,2023-05-09 00:31:55,10.5114,10.5214
1409,2023-05-09 00:31:56,10.5115,10.5215
1410,2023-05-09 00:31:56,10.5114,10.5214
1411,2023-05-09 00:31:57,10.5115,10.5215
1412,2023-05-09 00:31:57,10.5114,10.5214
1413,2023-05-09 00:31:58,10.5115,10.5215
1414,2023-05-09 00:31:59,10.5114,10.5214
1415,2023-05-09 00:32:00,10.5116,10.5216
1416,2023-05-09 00:32:00,10.5114,10.5214
1417,2023-05-09 00:32:01,10.5115,10.5215
1418,2023-05-09 00:32:01,10.5114,10.5214
1419,2023-05-09 00:32:02,10.5113,10.5213
1420,2023-05-09 00:32:04,10.5111,10.5211
1421,2023-05-09 00:32:05,10.5112,10.5212
1422,2023-05-09 00:32:05,10.5111,10.5211
1423,2023-05-09 00:32:06,10.5112,10.5212
1424,2023-05-09 00:32:07,10.5111,10.5211
1425,2023-05-09 00:32:07,10.5108,10.5208
1426,2023-05-09 00:32:07,10.5109,10.5209
1427,2023-05-09 00:32:07,10.511,10.521
1428,2023-05-09 00:32:08,10.5109,10.5209
1429,2023-05-09 00:32:08,10.5108,10.5208
1430,2023-05-09 00:32:09,10.5109,10.5209
1431,2023-05-09 00:32:10,10.5108,10.5208
1432,2023-05-09 00:32:11,10.5109,10.5209
1433,2023-05-09 00:32:12,10.5108,10.5208
1434,2023-05-09 00:32:13,10.5109,10.5209
1435,2023-05-09 00:32:16,10.5108,10.5208
1436,2023-05-09 00:32:20,10.5109,10.5209
1437,2023-05-09 00:32:23,10.5108,10.5208
1438,2023-05-09 00:32:25,10.5106,10.5206
1439,2023-05-09 00:32:25,10.511,10.521
1440,2023-05-09 00:32:25,10.5111,10.5211
1441,2023-05-09 00:32:25,10.5114,10.5214
1442,2023-05-09 00:32:26,10.5113,10.5213
1443,2023-05-09 00:32:26,10.5115,10.5215
1444,2023-05-09 00:32:26,10.5114,10.5214
1445,2023-05-09 00:32:30,10.5113,10.5213
1446,2023-05-09 00:32:34,10.5114,10.5214
1447,2023-05-09 00:32:34,10.5113,10.5213
1448,2023-05-09 00:32:35,10.5112,10.5212
1449,2023-05-09 00:32:35,10.5113,10.5213
1450,2023-05-09 00:32:37,10.5114,10.5214
1451,2023-05-09 00:32:37,10.5113,10.5213
1452,2023-05-09 00:32:42,10.5114,10.5214
1453,2023-05-09 00:32:43,10.5115,10.5215
1454,2023-05-09 00:32:44,10.5114,10.5214
1455,2023-05-09 00:32:44,10.5117,10.5217
1456,2023-05-09 00:32:45,10.511800000000001,10.5218
1457,2023-05-09 00:32:45,10.5117,10.5217
1458,2023-05-09 00:32:45,10.511800000000001,10.5218
1459,2023-05-09 00:32:50,10.5115,10.5215
1460,2023-05-09 00:32:50,10.5114,10.5214
1461,2023-05-09 00:32:51,10.5115,10.5215
1462,2023-05-09 00:32:51,10.5114,10.5214
1463,2023-05-09 00:32:55,10.5115,10.5215
1464,2023-05-09 00:32:55,10.5114,10.5214
1465,2023-05-09 00:32:55,10.5116,10.5216
1466,2023-05-09 00:32:57,10.5117,10.5217
1467,2023-05-09 00:33:00,10.5116,10.5216
1468,2023-05-09 00:33:01,10.5117,10.5217
1469,2023-05-09 00:33:01,10.5119,10.5219
1470,2023-05-09 00:33:02,10.512,10.522
1471,2023-05-09 00:33:02,10.5119,10.5219
1472,2023-05-09 00:33:05,10.511800000000001,10.5218
1473,2023-05-09 00:33:05,10.5119,10.5219
1474,2023-05-09 00:33:06,10.511800000000001,10.5218
1475,2023-05-09 00:33:11,10.5119,10.5219
1476,2023-05-09 00:33:11,10.511800000000001,10.5218
1477,2023-05-09 00:33:12,10.512,10.522
1478,2023-05-09 00:33:12,10.5122,10.5222
1479,2023-05-09 00:33:13,10.5123,10.5223
1480,2023-05-09 00:33:14,10.5122,10.5222
1481,2023-05-09 00:33:16,10.5123,10.5223
1482,2023-05-09 00:33:16,10.5122,10.5222
1483,2023-05-09 00:33:16,10.5123,10.5223
1484,2023-05-09 00:33:23,10.5122,10.5222
1485,2023-05-09 00:33:24,10.5123,10.5223
1486,2023-05-09 00:33:25,10.5122,10.5222
1487,2023-05-09 00:33:26,10.512599999999999,10.5226
1488,2023-05-09 00:33:26,10.5125,10.5225
1489,2023-05-09 00:33:26,10.5124,10.5224
1490,2023-05-09 00:33:27,10.5123,10.5223
1491,2023-05-09 00:33:27,10.5124,10.5224
1492,2023-05-09 00:33:28,10.5125,10.5225
1493,2023-05-09 00:33:29,10.512599999999999,10.5226
1494,2023-05-09 00:33:30,10.5125,10.5225
1495,2023-05-09 00:33:30,10.5123,10.5223
1496,2023-05-09 00:33:30,10.511800000000001,10.5218
1497,2023-05-09 00:33:32,10.5119,10.5219
1498,2023-05-09 00:33:32,10.511800000000001,10.5218
1499,2023-05-09 00:33:35,10.5117,10.5217
1500,2023-05-09 00:33:36,10.5114,10.5214
1501,2023-05-09 00:33:36,10.5115,10.5215
1502,2023-05-09 00:33:37,10.5113,10.5213
1503,2023-05-09 00:33:38,10.5117,10.5217
1504,2023-05-09 00:33:38,10.5116,10.5216
1505,2023-05-09 00:33:38,10.5117,10.5217
1506,2023-05-09 00:33:39,10.5116,10.5216
1507,2023-05-09 00:33:43,10.5115,10.5215
1508,2023-05-09 00:33:44,10.5114,10.5214
1509,2023-05-09 00:33:46,10.5115,10.5215
1510,2023-05-09 00:33:46,10.5114,10.5214
1511,2023-05-09 00:33:47,10.5113,10.5213
1512,2023-05-09 00:33:48,10.5114,10.5214
1513,2023-05-09 00:33:51,10.5113,10.5213
1514,2023-05-09 00:33:52,10.5114,10.5214
1515,2023-05-09 00:33:54,10.5113,10.5213
1516,2023-05-09 00:33:56,10.5116,10.5216
1517,2023-05-09 00:34:00,10.5116,10.5216
1518,2023-05-09 00:34:00,10.5114,10.5214
1519,2023-05-09 00:34:01,10.5113,10.5213
1520,2023-05-09 00:34:02,10.5114,10.5214
1521,2023-05-09 00:34:02,10.5113,10.5213
1522,2023-05-09 00:34:06,10.5116,10.5216
1523,2023-05-09 00:34:16,10.5114,10.5214
1524,2023-05-09 00:34:17,10.5113,10.5213
1525,2023-05-09 00:34:18,10.5114,10.5214
1526,2023-05-09 00:34:18,10.5113,10.5213
1527,2023-05-09 00:34:21,10.5114,10.5214
1528,2023-05-09 00:34:23,10.5113,10.5213
1529,2023-05-09 00:34:23,10.5114,10.5214
1530,2023-05-09 00:34:34,10.5113,10.5213
1531,2023-05-09 00:34:36,10.5114,10.5214
1532,2023-05-09 00:34:37,10.5117,10.5217
1533,2023-05-09 00:34:37,10.5116,10.5216
1534,2023-05-09 00:34:47,10.5115,10.5215
1535,2023-05-09 00:34:48,10.5116,10.5216
1536,2023-05-09 00:34:50,10.5115,10.5215
1537,2023-05-09 00:34:51,10.5116,10.5216
1538,2023-05-09 00:34:56,10.5115,10.5215
1539,2023-05-09 00:34:57,10.5116,10.5216
1540,2023-05-09 00:34:58,10.5115,10.5215
1541,2023-05-09 00:34:59,10.5114,10.5214
1542,2023-05-09 00:34:59,10.5115,10.5215
1543,2023-05-09 00:35:00,10.5115,10.5215
1544,2023-05-09 00:35:00,10.5116,10.5216
1545,2023-05-09 00:35:01,10.5115,10.5215
1546,2023-05-09 00:35:05,10.5114,10.5214
1547,2023-05-09 00:35:05,10.5112,10.5212
1548,2023-05-09 00:35:05,10.5114,10.5214
1549,2023-05-09 00:35:06,10.5115,10.5215
1550,2023-05-09 00:35:08,10.5114,10.5214
1551,2023-05-09 00:35:09,10.5113,10.5213
1552,2023-05-09 00:35:09,10.5114,10.5214
1553,2023-05-09 00:35:10,10.5113,10.5213
1554,2023-05-09 00:35:10,10.5114,10.5214
1555,2023-05-09 00:35:17,10.5116,10.5216
1556,2023-05-09 00:35:18,10.5115,10.5215
1557,2023-05-09 00:35:23,10.5116,10.5216
1558,2023-05-09 00:35:25,10.5115,10.5215
1559,2023-05-09 00:35:25,10.5116,10.5216
1560,2023-05-09 00:35:26,10.5115,10.5215
1561,2023-05-09 00:35:26,10.5116,10.5216
1562,2023-05-09 00:35:28,10.5117,10.5217
1563,2023-05-09 00:35:31,10.5116,10.5216
1564,2023-05-09 00:35:31,10.5117,10.5217
1565,2023-05-09 00:35:32,10.5116,10.5216
1566,2023-05-09 00:35:32,10.5115,10.5215
1567,2023-05-09 00:35:33,10.5116,10.5216
1568,2023-05-09 00:35:34,10.5115,10.5215
1569,2023-05-09 00:35:34,10.5114,10.5214
1570,2023-05-09 00:35:35,10.5112,10.5212
1571,2023-05-09 00:35:35,10.5107,10.5207
1572,2023-05-09 00:35:36,10.5106,10.5206
1573,2023-05-09 00:35:41,10.5108,10.5208
1574,2023-05-09 00:35:42,10.5106,10.5206
1575,2023-05-09 00:35:47,10.5107,10.5207
1576,2023-05-09 00:35:47,10.5108,10.5208
1577,2023-05-09 00:35:51,10.5109,10.5209
1578,2023-05-09 00:35:52,10.5108,10.5208
1579,2023-05-09 00:35:52,10.5109,10.5209
1580,2023-05-09 00:35:57,10.5108,10.5208
1581,2023-05-09 00:35:57,10.5112,10.5212
1582,2023-05-09 00:36:03,10.5112,10.5212
1583,2023-05-09 00:36:09,10.5111,10.5211
1584,2023-05-09 00:36:12,10.5112,10.5212
1585,2023-05-09 00:36:27,10.5115,10.5215
1586,2023-05-09 00:36:27,10.5116,10.5216
1587,2023-05-09 00:36:28,10.5115,10.5215
1588,2023-05-09 00:36:28,10.5116,10.5216
1589,2023-05-09 00:36:29,10.51,10.52
1590,2023-05-09 00:36:29,10.5099,10.5199
1591,2023-05-09 00:36:29,10.5098,10.5198
1592,2023-05-09 00:36:29,10.5095,10.5195
1593,2023-05-09 00:36:30,10.5094,10.5194
1594,2023-05-09 00:36:30,10.5093,10.5193
1595,2023-05-09 00:36:33,10.5094,10.5194
1596,2023-05-09 00:36:33,10.5093,10.5193
1597,2023-05-09 00:36:36,10.5094,10.5194
1598,2023-05-09 00:36:38,10.5095,10.5195
1599,2023-05-09 00:36:39,10.5094,10.5194
1600,2023-05-09 00:36:41,10.5095,10.5195
1601,2023-05-09 00:36:41,10.5094,10.5194
1602,2023-05-09 00:36:43,10.5095,10.5195
1603,2023-05-09 00:36:45,10.5094,10.5194
1604,2023-05-09 00:36:46,10.5095,10.5195
1605,2023-05-09 00:36:46,10.5094,10.5194
1606,2023-05-09 00:36:46,10.5095,10.5195
1607,2023-05-09 00:36:48,10.5094,10.5194
1608,2023-05-09 00:36:50,10.5097,10.5197
1609,2023-05-09 00:36:50,10.5096,10.5196
1610,2023-05-09 00:36:52,10.5095,10.5195
1611,2023-05-09 00:36:57,10.5096,10.5196
1612,2023-05-09 00:36:57,10.5095,10.5195
1613,2023-05-09 00:37:03,10.5095,10.5195
1614,2023-05-09 00:37:04,10.5098,10.5198
1615,2023-05-09 00:37:05,10.5096,10.5196
1616,2023-05-09 00:37:06,10.5095,10.5195
1617,2023-05-09 00:37:08,10.5097,10.5197
1618,2023-05-09 00:37:08,10.5096,10.5196
1619,2023-05-09 00:37:09,10.5097,10.5197
1620,2023-05-09 00:37:09,10.5098,10.5198
1621,2023-05-09 00:37:11,10.5097,10.5197
1622,2023-05-09 00:37:11,10.5098,10.5198
1623,2023-05-09 00:37:15,10.5097,10.5197
1624,2023-05-09 00:37:15,10.5095,10.5195
1625,2023-05-09 00:37:17,10.5096,10.5196
1626,2023-05-09 00:37:17,10.5095,10.5195
1627,2023-05-09 00:37:19,10.5096,10.5196
1628,2023-05-09 00:37:20,10.5095,10.5195
1629,2023-05-09 00:37:21,10.5092,10.5192
1630,2023-05-09 00:37:22,10.5091,10.5191
1631,2023-05-09 00:37:23,10.5092,10.5192
1632,2023-05-09 00:37:25,10.5091,10.5191
1633,2023-05-09 00:37:28,10.5093,10.5193
1634,2023-05-09 00:37:28,10.5092,10.5192
1635,2023-05-09 00:37:28,10.5094,10.5194
1636,2023-05-09 00:37:29,10.5092,10.5192
1637,2023-05-09 00:37:32,10.5088,10.5188
1638,2023-05-09 00:37:32,10.5087,10.5187
1639,2023-05-09 00:37:32,10.509,10.519
1640,2023-05-09 00:37:33,10.5091,10.5191
1641,2023-05-09 00:37:33,10.509,10.519
1642,2023-05-09 00:37:35,10.5088,10.5188
1643,2023-05-09 00:37:36,10.5086,10.5186
1644,2023-05-09 00:37:36,10.5085,10.5185
1645,2023-05-09 00:37:36,10.5084,10.5184
1646,2023-05-09 00:37:37,10.5085,10.5185
1647,2023-05-09 00:37:39,10.5084,10.5184
1648,2023-05-09 00:37:40,10.5085,10.5185
1649,2023-05-09 00:37:40,10.5084,10.5184
1650,2023-05-09 00:37:40,10.5085,10.5185
1651,2023-05-09 00:37:41,10.5084,10.5184
1652,2023-05-09 00:37:41,10.5085,10.5185
1653,2023-05-09 00:37:42,10.5083,10.5183
1654,2023-05-09 00:37:42,10.5084,10.5184
1655,2023-05-09 00:37:42,10.5086,10.5186
1656,2023-05-09 00:37:46,10.5085,10.5185
1657,2023-05-09 00:37:47,10.5084,10.5184
1658,2023-05-09 00:37:47,10.5083,10.5183
1659,2023-05-09 00:37:48,10.5084,10.5184
1660,2023-05-09 00:37:48,10.5083,10.5183
1661,2023-05-09 00:37:49,10.5084,10.5184
1662,2023-05-09 00:37:49,10.5085,10.5185
1663,2023-05-09 00:37:53,10.5084,10.5184
1664,2023-05-09 00:37:53,10.5086,10.5186
1665,2023-05-09 00:37:54,10.5085,10.5185
1666,2023-05-09 00:37:59,10.5086,10.5186
1667,2023-05-09 00:37:59,10.5083,10.5183
1668,2023-05-09 00:38:00,10.5082,10.5182
1669,2023-05-09 00:38:01,10.5085,10.5185
1670,2023-05-09 00:38:02,10.5083,10.5183
1671,2023-05-09 00:38:02,10.5084,10.5184
1672,2023-05-09 00:38:02,10.5083,10.5183
1673,2023-05-09 00:38:03,10.5082,10.5182
1674,2023-05-09 00:38:06,10.5083,10.5183
1675,2023-05-09 00:38:06,10.5082,10.5182
1676,2023-05-09 00:38:13,10.5083,10.5183
1677,2023-05-09 00:38:14,10.5082,10.5182
1678,2023-05-09 00:38:14,10.5081,10.5181
1679,2023-05-09 00:38:15,10.508,10.518
1680,2023-05-09 00:38:15,10.5079,10.517900000000001
1681,2023-05-09 00:38:16,10.5078,10.5178
1682,2023-05-09 00:38:16,10.5077,10.5177
1683,2023-05-09 00:38:19,10.5072,10.5172
1684,2023-05-09 00:38:19,10.5071,10.5171
1685,2023-05-09 00:38:23,10.507,10.517
1686,2023-05-09 00:38:24,10.5071,10.5171
1687,2023-05-09 00:38:24,10.507,10.517
1688,2023-05-09 00:38:25,10.5068,10.5168
1689,2023-05-09 00:38:29,10.5072,10.5172
1690,2023-05-09 00:38:30,10.5073,10.5173
1691,2023-05-09 00:38:30,10.5072,10.5172
1692,2023-05-09 00:38:30,10.5071,10.5171
1693,2023-05-09 00:38:39,10.507,10.517
1694,2023-05-09 00:38:40,10.5073,10.5173
1695,2023-05-09 00:38:40,10.5072,10.5172
1696,2023-05-09 00:38:41,10.5071,10.5171
1697,2023-05-09 00:38:50,10.507,10.517
1698,2023-05-09 00:38:52,10.5068,10.5168
1699,2023-05-09 00:38:52,10.5067,10.5167
1700,2023-05-09 00:38:52,10.5066,10.5166
1701,2023-05-09 00:38:59,10.5067,10.5167
1702,2023-05-09 00:38:59,10.5066,10.5166
1703,2023-05-09 00:39:00,10.5067,10.5167
1704,2023-05-09 00:39:01,10.5066,10.5166
1705,2023-05-09 00:39:04,10.5063,10.5163
1706,2023-05-09 00:39:04,10.506,10.516
1707,2023-05-09 00:39:05,10.5058,10.5158
1708,2023-05-09 00:39:05,10.505700000000001,10.5157
1709,2023-05-09 00:39:05,10.5056,10.5156
1710,2023-05-09 00:39:06,10.5064,10.5164
1711,2023-05-09 00:39:06,10.5063,10.5163
1712,2023-05-09 00:39:07,10.5062,10.5162
1713,2023-05-09 00:39:07,10.5063,10.5163
1714,2023-05-09 00:39:09,10.5062,10.5162
1715,2023-05-09 00:39:09,10.5063,10.5163
1716,2023-05-09 00:39:11,10.5062,10.5162
1717,2023-05-09 00:39:14,10.5061,10.5161
1718,2023-05-09 00:39:15,10.5058,10.5158
1719,2023-05-09 00:39:15,10.505700000000001,10.5157
1720,2023-05-09 00:39:16,10.5056,10.5156
1721,2023-05-09 00:39:16,10.505700000000001,10.5157
1722,2023-05-09 00:39:18,10.5056,10.5156
1723,2023-05-09 00:39:18,10.5055,10.5155
1724,2023-05-09 00:39:19,10.5059,10.5159
1725,2023-05-09 00:39:20,10.506,10.516
1726,2023-05-09 00:39:21,10.5059,10.5159
1727,2023-05-09 00:39:24,10.5058,10.5158
1728,2023-05-09 00:39:25,10.5059,10.5159
1729,2023-05-09 00:39:25,10.5058,10.5158
1730,2023-05-09 00:39:26,10.5059,10.5159
1731,2023-05-09 00:39:30,10.506,10.516
1732,2023-05-09 00:39:38,10.5061,10.5161
1733,2023-05-09 00:39:40,10.5062,10.5162
1734,2023-05-09 00:39:40,10.5064,10.5164
1735,2023-05-09 00:39:41,10.506499999999999,10.5165
1736,2023-05-09 00:39:48,10.5064,10.5164
1737,2023-05-09 00:39:50,10.5066,10.5166
1738,2023-05-09 00:39:51,10.5064,10.5164
1739,2023-05-09 00:39:51,10.5063,10.5163
1740,2023-05-09 00:39:52,10.5064,10.5164
1741,2023-05-09 00:39:52,10.5062,10.5162
1742,2023-05-09 00:39:53,10.5061,10.5161
1743,2023-05-09 00:39:53,10.506,10.516
1744,2023-05-09 00:39:53,10.5061,10.5161
1745,2023-05-09 00:39:55,10.506,10.516
1746,2023-05-09 00:39:57,10.5061,10.5161
1747,2023-05-09 00:39:57,10.5062,10.5162
1748,2023-05-09 00:39:58,10.5063,10.5163
1749,2023-05-09 00:40:00,10.5062,10.5162
1750,2023-05-09 00:40:00,10.5063,10.5163
1751,2023-05-09 00:40:01,10.5062,10.5162
1752,2023-05-09 00:40:02,10.5063,10.5163
1753,2023-05-09 00:40:02,10.5062,10.5162
1754,2023-05-09 00:40:04,10.5063,10.5163
1755,2023-05-09 00:40:04,10.5062,10.5162
1756,2023-05-09 00:40:04,10.5063,10.5163
1757,2023-05-09 00:40:06,10.5062,10.5162
1758,2023-05-09 00:40:06,10.5063,10.5163
1759,2023-05-09 00:40:08,10.5061,10.5161
1760,2023-05-09 00:40:08,10.5063,10.5163
1761,2023-05-09 00:40:09,10.5062,10.5162
1762,2023-05-09 00:40:09,10.5063,10.5163
1763,2023-05-09 00:40:11,10.5067,10.5167
1764,2023-05-09 00:40:11,10.5066,10.5166
1765,2023-05-09 00:40:11,10.5063,10.5163
1766,2023-05-09 00:40:12,10.5064,10.5164
1767,2023-05-09 00:40:12,10.5063,10.5163
1768,2023-05-09 00:40:13,10.5064,10.5164
1769,2023-05-09 00:40:15,10.5063,10.5163
1770,2023-05-09 00:40:16,10.5064,10.5164
1771,2023-05-09 00:40:16,10.5063,10.5163
1772,2023-05-09 00:40:16,10.506,10.516
1773,2023-05-09 00:40:17,10.5059,10.5159
1774,2023-05-09 00:40:17,10.506,10.516
1775,2023-05-09 00:40:17,10.5059,10.5159
1776,2023-05-09 00:40:21,10.506,10.516
1777,2023-05-09 00:40:22,10.5061,10.5161
1778,2023-05-09 00:40:23,10.506,10.516
1779,2023-05-09 00:40:24,10.5062,10.5162
1780,2023-05-09 00:40:26,10.5061,10.5161
1781,2023-05-09 00:40:27,10.5062,10.5162
1782,2023-05-09 00:40:28,10.5063,10.5163
1783,2023-05-09 00:40:28,10.5062,10.5162
1784,2023-05-09 00:40:28,10.5064,10.5164
1785,2023-05-09 00:40:29,10.5063,10.5163
1786,2023-05-09 00:40:29,10.5062,10.5162
1787,2023-05-09 00:40:30,10.5063,10.5163
1788,2023-05-09 00:40:30,10.5062,10.5162
1789,2023-05-09 00:40:30,10.5064,10.5164
1790,2023-05-09 00:40:31,10.5061,10.5161
1791,2023-05-09 00:40:31,10.506,10.516
1792,2023-05-09 00:40:32,10.5059,10.5159
1793,2023-05-09 00:40:33,10.506,10.516
1794,2023-05-09 00:40:33,10.5059,10.5159
1795,2023-05-09 00:40:34,10.506,10.516
1796,2023-05-09 00:40:36,10.5059,10.5159
1797,2023-05-09 00:40:38,10.506,10.516
1798,2023-05-09 00:40:38,10.505700000000001,10.5157
1799,2023-05-09 00:40:38,10.5058,10.5158
1800,2023-05-09 00:40:40,10.5059,10.5159
1801,2023-05-09 00:40:41,10.5058,10.5158
1802,2023-05-09 00:40:42,10.505700000000001,10.5157
1803,2023-05-09 00:40:42,10.5058,10.5158
1804,2023-05-09 00:40:43,10.505700000000001,10.5157
1805,2023-05-09 00:40:43,10.5058,10.5158
1806,2023-05-09 00:40:45,10.505700000000001,10.5157
1807,2023-05-09 00:40:46,10.5058,10.5158
1808,2023-05-09 00:40:48,10.505700000000001,10.5157
1809,2023-05-09 00:40:48,10.5058,10.5158
1810,2023-05-09 00:40:49,10.505700000000001,10.5157
1811,2023-05-09 00:40:49,10.5058,10.5158
1812,2023-05-09 00:40:50,10.505700000000001,10.5157
1813,2023-05-09 00:40:51,10.506,10.516
1814,2023-05-09 00:40:51,10.5058,10.5158
1815,2023-05-09 00:40:52,10.5059,10.5159
1816,2023-05-09 00:40:54,10.5058,10.5158
1817,2023-05-09 00:40:55,10.5059,10.5159
1818,2023-05-09 00:40:55,10.5058,10.5158
1819,2023-05-09 00:40:56,10.5059,10.5159
1820,2023-05-09 00:40:57,10.5058,10.5158
1821,2023-05-09 00:40:58,10.5059,10.5159
1822,2023-05-09 00:40:58,10.5058,10.5158
1823,2023-05-09 00:40:58,10.5059,10.5159
1824,2023-05-09 00:41:00,10.5059,10.5159
1825,2023-05-09 00:41:02,10.5058,10.5158
1826,2023-05-09 00:41:02,10.5059,10.5159
1827,2023-05-09 00:41:03,10.506,10.516
1828,2023-05-09 00:41:09,10.5061,10.5161
1829,2023-05-09 00:41:09,10.506,10.516
1830,2023-05-09 00:41:10,10.5062,10.5162
1831,2023-05-09 00:41:11,10.5063,10.5163
1832,2023-05-09 00:41:11,10.5062,10.5162
1833,2023-05-09 00:41:12,10.5061,10.5161
1834,2023-05-09 00:41:12,10.5062,10.5162
1835,2023-05-09 00:41:13,10.5061,10.5161
1836,2023-05-09 00:41:14,10.5062,10.5162
1837,2023-05-09 00:41:14,10.5061,10.5161
1838,2023-05-09 00:41:14,10.5062,10.5162
1839,2023-05-09 00:41:14,10.5061,10.5161
1840,2023-05-09 00:41:15,10.5062,10.5162
1841,2023-05-09 00:41:16,10.5063,10.5163
1842,2023-05-09 00:41:17,10.5062,10.5162
1843,2023-05-09 00:41:19,10.5063,10.5163
1844,2023-05-09 00:41:19,10.5064,10.5164
1845,2023-05-09 00:41:20,10.5063,10.5163
1846,2023-05-09 00:41:20,10.5062,10.5162
1847,2023-05-09 00:41:20,10.506499999999999,10.5165
1848,2023-05-09 00:41:21,10.5064,10.5164
1849,2023-05-09 00:41:21,10.506499999999999,10.5165
1850,2023-05-09 00:41:21,10.5063,10.5163
1851,2023-05-09 00:41:22,10.506499999999999,10.5165
1852,2023-05-09 00:41:22,10.5063,10.5163
1853,2023-05-09 00:41:23,10.5064,10.5164
1854,2023-05-09 00:41:24,10.5063,10.5163
1855,2023-05-09 00:41:25,10.5064,10.5164
1856,2023-05-09 00:41:25,10.5061,10.5161
1857,2023-05-09 00:41:26,10.506,10.516
1858,2023-05-09 00:41:26,10.5061,10.5161
1859,2023-05-09 00:41:26,10.5062,10.5162
1860,2023-05-09 00:41:27,10.5061,10.5161
1861,2023-05-09 00:41:27,10.5062,10.5162
1862,2023-05-09 00:41:31,10.5061,10.5161
1863,2023-05-09 00:41:31,10.506,10.516
1864,2023-05-09 00:41:32,10.5062,10.5162
1865,2023-05-09 00:41:32,10.5061,10.5161
1866,2023-05-09 00:41:33,10.506,10.516
1867,2023-05-09 00:41:34,10.5061,10.5161
1868,2023-05-09 00:41:34,10.5062,10.5162
1869,2023-05-09 00:41:35,10.5061,10.5161
1870,2023-05-09 00:41:35,10.506,10.516
1871,2023-05-09 00:41:35,10.5059,10.5159
1872,2023-05-09 00:41:36,10.506,10.516
1873,2023-05-09 00:41:36,10.5058,10.5158
1874,2023-05-09 00:41:37,10.5059,10.5159
1875,2023-05-09 00:41:38,10.5058,10.5158
1876,2023-05-09 00:41:39,10.5059,10.5159
1877,2023-05-09 00:41:42,10.5064,10.5164
1878,2023-05-09 00:41:42,10.5059,10.5159
1879,2023-05-09 00:41:44,10.5064,10.5164
1880,2023-05-09 00:41:44,10.5059,10.5159
1881,2023-05-09 00:41:49,10.5061,10.5161
1882,2023-05-09 00:41:49,10.5062,10.5162
1883,2023-05-09 00:41:50,10.5064,10.5164
1884,2023-05-09 00:41:50,10.5063,10.5163
1885,2023-05-09 00:41:51,10.5062,10.5162
1886,2023-05-09 00:41:52,10.5064,10.5164
1887,2023-05-09 00:41:52,10.5062,10.5162
1888,2023-05-09 00:41:53,10.5064,10.5164
1889,2023-05-09 00:41:53,10.5063,10.5163
1890,2023-05-09 00:41:55,10.5062,10.5162
1891,2023-05-09 00:41:59,10.5061,10.5161
1892,2023-05-09 00:41:59,10.506,10.516
1893,2023-05-09 00:42:00,10.506,10.516
1894,2023-05-09 00:42:01,10.5061,10.5161
1895,2023-05-09 00:42:02,10.5067,10.5167
1896,2023-05-09 00:42:04,10.5062,10.5162
1897,2023-05-09 00:42:04,10.5059,10.5159
1898,2023-05-09 00:42:04,10.5063,10.5163
1899,2023-05-09 00:42:05,10.506,10.516
1900,2023-05-09 00:42:06,10.5064,10.5164
1901,2023-05-09 00:42:07,10.506499999999999,10.5165
1902,2023-05-09 00:42:07,10.5064,10.5164
1903,2023-05-09 00:42:08,10.506499999999999,10.5165
1904,2023-05-09 00:42:08,10.5064,10.5164
1905,2023-05-09 00:42:09,10.506499999999999,10.5165
1906,2023-05-09 00:42:09,10.5064,10.5164
1907,2023-05-09 00:42:10,10.506499999999999,10.5165
1908,2023-05-09 00:42:11,10.5064,10.5164
1909,2023-05-09 00:42:11,10.506499999999999,10.5165
1910,2023-05-09 00:42:12,10.5059,10.5159
1911,2023-05-09 00:42:14,10.5058,10.5158
1912,2023-05-09 00:42:18,10.5056,10.5156
1913,2023-05-09 00:42:21,10.5058,10.5158
1914,2023-05-09 00:42:21,10.505700000000001,10.5157
1915,2023-05-09 00:42:23,10.5059,10.5159
1916,2023-05-09 00:42:23,10.5058,10.5158
1917,2023-05-09 00:42:28,10.5059,10.5159
1918,2023-05-09 00:42:29,10.5058,10.5158
1919,2023-05-09 00:42:40,10.505700000000001,10.5157
1920,2023-05-09 00:42:41,10.5058,10.5158
1921,2023-05-09 00:42:41,10.505700000000001,10.5157
1922,2023-05-09 00:42:43,10.5059,10.5159
1923,2023-05-09 00:42:43,10.5058,10.5158
1924,2023-05-09 00:42:56,10.5063,10.5163
1925,2023-05-09 00:42:56,10.5062,10.5162
1926,2023-05-09 00:43:00,10.5062,10.5162
1927,2023-05-09 00:43:01,10.5063,10.5163
1928,2023-05-09 00:43:01,10.5062,10.5162
1929,2023-05-09 00:43:02,10.506,10.516
1930,2023-05-09 00:43:02,10.5059,10.5159
1931,2023-05-09 00:43:10,10.5062,10.5162
1932,2023-05-09 00:43:11,10.5067,10.5167
1933,2023-05-09 00:43:12,10.5062,10.5162
1934,2023-05-09 00:43:28,10.5061,10.5161
1935,2023-05-09 00:43:34,10.5058,10.5158
1936,2023-05-09 00:43:34,10.505700000000001,10.5157
1937,2023-05-09 00:43:50,10.5059,10.5159
1938,2023-05-09 00:43:51,10.505700000000001,10.5157
1939,2023-05-09 00:43:56,10.5059,10.5159
1940,2023-05-09 00:43:56,10.505700000000001,10.5157
1941,2023-05-09 00:44:00,10.505700000000001,10.5157
1942,2023-05-09 00:44:09,10.5058,10.5158
1943,2023-05-09 00:44:19,10.5056,10.5156
1944,2023-05-09 00:44:21,10.5058,10.5158
1945,2023-05-09 00:44:21,10.5054,10.5154
1946,2023-05-09 00:44:21,10.5056,10.5156
1947,2023-05-09 00:44:24,10.5053,10.5153
1948,2023-05-09 00:44:25,10.5054,10.5154
1949,2023-05-09 00:44:26,10.5055,10.5155
1950,2023-05-09 00:44:26,10.5054,10.5154
1951,2023-05-09 00:44:29,10.5056,10.5156
1952,2023-05-09 00:44:30,10.5054,10.5154
1953,2023-05-09 00:44:30,10.5055,10.5155
1954,2023-05-09 00:44:31,10.5054,10.5154
1955,2023-05-09 00:44:32,10.5056,10.5156
1956,2023-05-09 00:44:33,10.5055,10.5155
1957,2023-05-09 00:44:46,10.5058,10.5158
1958,2023-05-09 00:44:46,10.505700000000001,10.5157
1959,2023-05-09 00:44:47,10.5055,10.5155
1960,2023-05-09 00:44:47,10.5056,10.5156
1961,2023-05-09 00:44:49,10.5062,10.5162
1962,2023-05-09 00:44:49,10.506,10.516
1963,2023-05-09 00:44:52,10.5061,10.5161
1964,2023-05-09 00:44:53,10.5068,10.5168
1965,2023-05-09 00:44:53,10.5066,10.5166
1966,2023-05-09 00:44:54,10.5064,10.5164
1967,2023-05-09 00:44:54,10.5062,10.5162
1968,2023-05-09 00:44:56,10.5064,10.5164
1969,2023-05-09 00:44:57,10.5063,10.5163
1970,2023-05-09 00:45:00,10.5063,10.5163
1971,2023-05-09 00:45:02,10.5062,10.5162
1972,2023-05-09 00:45:03,10.506499999999999,10.5165
1973,2023-05-09 00:45:06,10.5067,10.5167
1974,2023-05-09 00:45:11,10.5066,10.5166
1975,2023-05-09 00:45:12,10.5062,10.5162
1976,2023-05-09 00:45:21,10.5064,10.5164
1977,2023-05-09 00:45:22,10.5062,10.5162
1978,2023-05-09 00:45:26,10.5067,10.5167
1979,2023-05-09 00:45:27,10.5066,10.5166
1980,2023-05-09 00:45:33,10.5068,10.5168
1981,2023-05-09 00:45:33,10.5066,10.5166
1982,2023-05-09 00:45:45,10.5063,10.5163
1983,2023-05-09 00:45:45,10.5062,10.5162
1984,2023-05-09 00:45:48,10.5056,10.5156
1985,2023-05-09 00:45:48,10.505700000000001,10.5157
1986,2023-05-09 00:45:53,10.5056,10.5156
1987,2023-05-09 00:45:53,10.5055,10.5155
1988,2023-05-09 00:45:55,10.505,10.515
1989,2023-05-09 00:46:01,10.505,10.515
1990,2023-05-09 00:46:02,10.5053,10.5153
1991,2023-05-09 00:46:08,10.505,10.515
1992,2023-05-09 00:46:09,10.5051,10.5151
1993,2023-05-09 00:46:11,10.5049,10.5149
1994,2023-05-09 00:46:12,10.5046,10.5146
1995,2023-05-09 00:46:20,10.5045,10.5145
1996,2023-05-09 00:46:24,10.5049,10.5149
1997,2023-05-09 00:46:24,10.5045,10.5145
1998,2023-05-09 00:46:28,10.5049,10.5149
1999,2023-05-09 00:46:29,10.5045,10.5145
2000,2023-05-09 00:46:42,10.5047,10.5147
2001,2023-05-09 00:46:43,10.5045,10.5145
2002,2023-05-09 00:46:52,10.5047,10.5147
2003,2023-05-09 00:46:53,10.5045,10.5145
2004,2023-05-09 00:46:55,10.5046,10.5146
2005,2023-05-09 00:46:57,10.5045,10.5145
2006,2023-05-09 00:46:59,10.5047,10.5147
2007,2023-05-09 00:47:00,10.5045,10.5145
2008,2023-05-09 00:47:01,10.5049,10.5149
2009,2023-05-09 00:47:01,10.5045,10.5145
2010,2023-05-09 00:47:02,10.5048,10.5148
2011,2023-05-09 00:47:03,10.5047,10.5147
2012,2023-05-09 00:47:06,10.5049,10.5149
2013,2023-05-09 00:47:06,10.5048,10.5148
2014,2023-05-09 00:47:10,10.5049,10.5149
2015,2023-05-09 00:47:10,10.5052,10.5152
2016,2023-05-09 00:47:11,10.5053,10.5153
2017,2023-05-09 00:47:12,10.5049,10.5149
2018,2023-05-09 00:47:17,10.5052,10.5152
2019,2023-05-09 00:47:17,10.505,10.515
2020,2023-05-09 00:47:18,10.5053,10.5153
2021,2023-05-09 00:47:19,10.505,10.515
2022,2023-05-09 00:47:19,10.5049,10.5149
2023,2023-05-09 00:47:21,10.5051,10.5151
2024,2023-05-09 00:47:21,10.5049,10.5149
2025,2023-05-09 00:47:24,10.505,10.515
2026,2023-05-09 00:47:24,10.5049,10.5149
2027,2023-05-09 00:47:30,10.5053,10.5153
2028,2023-05-09 00:47:31,10.5051,10.5151
2029,2023-05-09 00:47:31,10.505,10.515
2030,2023-05-09 00:47:38,10.5053,10.5153
2031,2023-05-09 00:47:39,10.505,10.515
2032,2023-05-09 00:47:39,10.5049,10.5149
2033,2023-05-09 00:47:48,10.5051,10.5151
2034,2023-05-09 00:47:48,10.5049,10.5149
2035,2023-05-09 00:47:58,10.5047,10.5147
2036,2023-05-09 00:48:00,10.5047,10.5147
2037,2023-05-09 00:48:01,10.505,10.515
2038,2023-05-09 00:48:10,10.5051,10.5151
2039,2023-05-09 00:48:11,10.5049,10.5149
2040,2023-05-09 00:48:11,10.5048,10.5148
2041,2023-05-09 00:48:12,10.5043,10.5143
2042,2023-05-09 00:48:12,10.5044,10.5144
2043,2023-05-09 00:48:13,10.5045,10.5145
2044,2023-05-09 00:48:13,10.5046,10.5146
2045,2023-05-09 00:48:14,10.5044,10.5144
2046,2023-05-09 00:48:14,10.5045,10.5145
2047,2023-05-09 00:48:14,10.5044,10.5144
2048,2023-05-09 00:48:15,10.5048,10.5148
2049,2023-05-09 00:48:15,10.5046,10.5146
2050,2023-05-09 00:48:16,10.5047,10.5147
2051,2023-05-09 00:48:16,10.5046,10.5146
2052,2023-05-09 00:48:16,10.5043,10.5143
2053,2023-05-09 00:48:16,10.504,10.514
2054,2023-05-09 00:48:17,10.5038,10.5138
2055,2023-05-09 00:48:17,10.5039,10.5139
2056,2023-05-09 00:48:18,10.5038,10.5138
2057,2023-05-09 00:48:18,10.5039,10.5139
2058,2023-05-09 00:48:20,10.5038,10.5138
2059,2023-05-09 00:48:20,10.5037,10.5137
2060,2023-05-09 00:48:22,10.5038,10.5138
2061,2023-05-09 00:48:22,10.5039,10.5139
2062,2023-05-09 00:48:24,10.5036,10.5136
2063,2023-05-09 00:48:25,10.5034,10.5134
2064,2023-05-09 00:48:25,10.5033,10.5133
2065,2023-05-09 00:48:25,10.5034,10.5134
2066,2023-05-09 00:48:26,10.5033,10.5133
2067,2023-05-09 00:48:27,10.5032,10.5132
2068,2023-05-09 00:48:27,10.5031,10.5131
2069,2023-05-09 00:48:29,10.5034,10.5134
2070,2023-05-09 00:48:29,10.5031,10.5131
2071,2023-05-09 00:48:29,10.503,10.513
2072,2023-05-09 00:48:30,10.5029,10.5129
2073,2023-05-09 00:48:31,10.503,10.513
2074,2023-05-09 00:48:31,10.5029,10.5129
2075,2023-05-09 00:48:31,10.5028,10.5128
2076,2023-05-09 00:48:31,10.5031,10.5131
2077,2023-05-09 00:48:32,10.503,10.513
2078,2023-05-09 00:48:32,10.5031,10.5131
2079,2023-05-09 00:48:32,10.5033,10.5133
2080,2023-05-09 00:48:32,10.503,10.513
2081,2023-05-09 00:48:33,10.5031,10.5131
2082,2023-05-09 00:48:33,10.503,10.513
2083,2023-05-09 00:48:33,10.5027,10.5127
2084,2023-05-09 00:48:34,10.5028,10.5128
2085,2023-05-09 00:48:37,10.503,10.513
2086,2023-05-09 00:48:38,10.5028,10.5128
2087,2023-05-09 00:48:39,10.5026,10.512599999999999
2088,2023-05-09 00:48:42,10.503,10.513
2089,2023-05-09 00:48:43,10.5026,10.512599999999999
2090,2023-05-09 00:48:43,10.5025,10.5125
2091,2023-05-09 00:48:44,10.5029,10.5129
2092,2023-05-09 00:48:44,10.5028,10.5128
2093,2023-05-09 00:48:45,10.5031,10.5131
2094,2023-05-09 00:48:45,10.5028,10.5128
2095,2023-05-09 00:48:45,10.503,10.513
2096,2023-05-09 00:48:46,10.5028,10.5128
2097,2023-05-09 00:48:46,10.5027,10.5127
2098,2023-05-09 00:48:46,10.5029,10.5129
2099,2023-05-09 00:48:47,10.5027,10.5127
2100,2023-05-09 00:48:47,10.5026,10.512599999999999
2101,2023-05-09 00:48:51,10.5028,10.5128
2102,2023-05-09 00:48:51,10.5026,10.512599999999999
2103,2023-05-09 00:48:54,10.5029,10.5129
2104,2023-05-09 00:48:54,10.5026,10.512599999999999
2105,2023-05-09 00:49:00,10.5026,10.512599999999999
2106,2023-05-09 00:49:01,10.5027,10.5127
2107,2023-05-09 00:49:02,10.5025,10.5125
2108,2023-05-09 00:49:02,10.5027,10.5127
2109,2023-05-09 00:49:02,10.5025,10.5125
2110,2023-05-09 00:49:03,10.5024,10.5124
2111,2023-05-09 00:49:04,10.5026,10.512599999999999
2112,2023-05-09 00:49:04,10.5023,10.5123
2113,2023-05-09 00:49:05,10.5024,10.5124
2114,2023-05-09 00:49:06,10.5021,10.5121
2115,2023-05-09 00:49:06,10.5023,10.5123
2116,2023-05-09 00:49:06,10.5022,10.5122
2117,2023-05-09 00:49:06,10.5025,10.5125
2118,2023-05-09 00:49:07,10.5027,10.5127
2119,2023-05-09 00:49:09,10.5025,10.5125
2120,2023-05-09 00:49:10,10.5027,10.5127
2121,2023-05-09 00:49:10,10.5025,10.5125
2122,2023-05-09 00:49:11,10.5027,10.5127
2123,2023-05-09 00:49:11,10.5025,10.5125
2124,2023-05-09 00:49:12,10.5027,10.5127
2125,2023-05-09 00:49:16,10.5028,10.5128
2126,2023-05-09 00:49:17,10.5031,10.5131
2127,2023-05-09 00:49:21,10.503,10.513
2128,2023-05-09 00:49:22,10.5028,10.5128
2129,2023-05-09 00:49:26,10.5029,10.5129
2130,2023-05-09 00:49:27,10.5027,10.5127
2131,2023-05-09 00:49:28,10.5025,10.5125
2132,2023-05-09 00:49:31,10.5026,10.512599999999999
2133,2023-05-09 00:49:31,10.5028,10.5128
2134,2023-05-09 00:49:32,10.5027,10.5127
2135,2023-05-09 00:49:33,10.5026,10.512599999999999
2136,2023-05-09 00:49:33,10.5027,10.5127
2137,2023-05-09 00:49:34,10.5028,10.5128
2138,2023-05-09 00:49:34,10.503,10.513
2139,2023-05-09 00:49:34,10.5028,10.5128
2140,2023-05-09 00:49:35,10.5026,10.512599999999999
2141,2023-05-09 00:49:42,10.5025,10.5125
2142,2023-05-09 00:49:49,10.5022,10.5122
2143,2023-05-09 00:49:49,10.5023,10.5123
2144,2023-05-09 00:49:49,10.5024,10.5124
2145,2023-05-09 00:49:50,10.5023,10.5123
2146,2023-05-09 00:49:53,10.5025,10.5125
2147,2023-05-09 00:49:54,10.5023,10.5123
2148,2023-05-09 00:49:55,10.5025,10.5125
2149,2023-05-09 00:49:55,10.5023,10.5123
2150,2023-05-09 00:49:57,10.5024,10.5124
2151,2023-05-09 00:49:58,10.5023,10.5123
2152,2023-05-09 00:49:58,10.5022,10.5122
2153,2023-05-09 00:49:58,10.5024,10.5124
2154,2023-05-09 00:49:59,10.5022,10.5122
2155,2023-05-09 00:49:59,10.5024,10.5124
2156,2023-05-09 00:49:59,10.5022,10.5122
2157,2023-05-09 00:50:00,10.5024,10.5124
2158,2023-05-09 00:50:00,10.5025,10.5125
2159,2023-05-09 00:50:05,10.5029,10.5129
2160,2023-05-09 00:50:05,10.5028,10.5128
2161,2023-05-09 00:50:06,10.5031,10.5131
2162,2023-05-09 00:50:06,10.5032,10.5132
2163,2023-05-09 00:50:06,10.5031,10.5131
2164,2023-05-09 00:50:07,10.5032,10.5132
2165,2023-05-09 00:50:08,10.503,10.513
2166,2023-05-09 00:50:09,10.5028,10.5128
2167,2023-05-09 00:50:09,10.5029,10.5129
2168,2023-05-09 00:50:09,10.5028,10.5128
2169,2023-05-09 00:50:10,10.503,10.513
2170,2023-05-09 00:50:11,10.5028,10.5128
2171,2023-05-09 00:50:12,10.503,10.513
2172,2023-05-09 00:50:13,10.5028,10.5128
2173,2023-05-09 00:50:14,10.503,10.513
2174,2023-05-09 00:50:14,10.5028,10.5128
2175,2023-05-09 00:50:17,10.5027,10.5127
2176,2023-05-09 00:50:17,10.5029,10.5129
2177,2023-05-09 00:50:17,10.5027,10.5127
2178,2023-05-09 00:50:18,10.5029,10.5129
2179,2023-05-09 00:50:19,10.5027,10.5127
2180,2023-05-09 00:50:19,10.5028,10.5128
2181,2023-05-09 00:50:19,10.5027,10.5127
2182,2023-05-09 00:50:19,10.5028,10.5128
2183,2023-05-09 00:50:20,10.5027,10.5127
2184,2023-05-09 00:50:20,10.5028,10.5128
2185,2023-05-09 00:50:20,10.5027,10.5127
2186,2023-05-09 00:50:22,10.5028,10.5128
2187,2023-05-09 00:50:22,10.5027,10.5127
2188,2023-05-09 00:50:26,10.5028,10.5128
2189,2023-05-09 00:50:26,10.5027,10.5127
2190,2023-05-09 00:50:27,10.5029,10.5129
2191,2023-05-09 00:50:27,10.5027,10.5127
2192,2023-05-09 00:50:27,10.5029,10.5129
2193,2023-05-09 00:50:27,10.5027,10.5127
2194,2023-05-09 00:50:28,10.5029,10.5129
2195,2023-05-09 00:50:29,10.5031,10.5131
2196,2023-05-09 00:50:29,10.5029,10.5129
2197,2023-05-09 00:50:29,10.503,10.513
2198,2023-05-09 00:50:30,10.5029,10.5129
2199,2023-05-09 00:50:30,10.5028,10.5128
2200,2023-05-09 00:50:32,10.5029,10.5129
2201,2023-05-09 00:50:32,10.5028,10.5128
2202,2023-05-09 00:50:32,10.5027,10.5127
2203,2023-05-09 00:50:35,10.503,10.513
2204,2023-05-09 00:50:36,10.5029,10.5129
2205,2023-05-09 00:50:36,10.503,10.513
2206,2023-05-09 00:50:36,10.5029,10.5129
2207,2023-05-09 00:50:37,10.5028,10.5128
2208,2023-05-09 00:50:38,10.503,10.513
2209,2023-05-09 00:50:38,10.5028,10.5128
2210,2023-05-09 00:50:41,10.5025,10.5125
2211,2023-05-09 00:50:43,10.5026,10.512599999999999
2212,2023-05-09 00:50:45,10.5025,10.5125
2213,2023-05-09 00:50:45,10.5026,10.512599999999999
2214,2023-05-09 00:50:45,10.5025,10.5125
2215,2023-05-09 00:50:46,10.5026,10.512599999999999
2216,2023-05-09 00:50:46,10.5025,10.5125
2217,2023-05-09 00:50:46,10.5026,10.512599999999999
2218,2023-05-09 00:50:47,10.5025,10.5125
2219,2023-05-09 00:50:49,10.5026,10.512599999999999
2220,2023-05-09 00:50:50,10.5025,10.5125
2221,2023-05-09 00:50:51,10.5027,10.5127
2222,2023-05-09 00:50:51,10.5025,10.5125
2223,2023-05-09 00:50:52,10.5027,10.5127
2224,2023-05-09 00:50:52,10.5025,10.5125
2225,2023-05-09 00:50:52,10.5026,10.512599999999999
2226,2023-05-09 00:50:52,10.5021,10.5121
2227,2023-05-09 00:50:53,10.5022,10.5122
2228,2023-05-09 00:50:54,10.5023,10.5123
2229,2023-05-09 00:50:54,10.5022,10.5122
2230,2023-05-09 00:50:55,10.5023,10.5123
2231,2023-05-09 00:50:55,10.5021,10.5121
2232,2023-05-09 00:50:56,10.5023,10.5123
2233,2023-05-09 00:50:56,10.5021,10.5121
2234,2023-05-09 00:50:57,10.5023,10.5123
2235,2023-05-09 00:50:58,10.5021,10.5121
2236,2023-05-09 00:50:59,10.5022,10.5122
2237,2023-05-09 00:50:59,10.5023,10.5123
2238,2023-05-09 00:50:59,10.5022,10.5122
2239,2023-05-09 00:51:00,10.5023,10.5123
2240,2023-05-09 00:51:00,10.5021,10.5121
2241,2023-05-09 00:51:00,10.5022,10.5122
2242,2023-05-09 00:51:01,10.502,10.512
2243,2023-05-09 00:51:02,10.5023,10.5123
2244,2023-05-09 00:51:05,10.502,10.512
2245,2023-05-09 00:51:06,10.5023,10.5123
2246,2023-05-09 00:51:06,10.5022,10.5122
2247,2023-05-09 00:51:12,10.5018,10.511800000000001
2248,2023-05-09 00:51:12,10.5019,10.5119
2249,2023-05-09 00:51:13,10.5017,10.5117
2250,2023-05-09 00:51:14,10.5018,10.511800000000001
2251,2023-05-09 00:51:14,10.5017,10.5117
2252,2023-05-09 00:51:15,10.5015,10.5115
2253,2023-05-09 00:51:18,10.5016,10.5116
2254,2023-05-09 00:51:19,10.5015,10.5115
2255,2023-05-09 00:51:20,10.5017,10.5117
2256,2023-05-09 00:51:20,10.5015,10.5115
2257,2023-05-09 00:51:20,10.5018,10.511800000000001
2258,2023-05-09 00:51:21,10.5019,10.5119
2259,2023-05-09 00:51:21,10.5017,10.5117
2260,2023-05-09 00:51:25,10.502,10.512
2261,2023-05-09 00:51:26,10.5017,10.5117
2262,2023-05-09 00:51:26,10.502,10.512
2263,2023-05-09 00:51:27,10.5017,10.5117
2264,2023-05-09 00:51:27,10.5018,10.511800000000001
2265,2023-05-09 00:51:27,10.5017,10.5117
2266,2023-05-09 00:51:29,10.5019,10.5119
2267,2023-05-09 00:51:29,10.5018,10.511800000000001
2268,2023-05-09 00:51:30,10.5021,10.5121
2269,2023-05-09 00:51:30,10.5018,10.511800000000001
2270,2023-05-09 00:51:31,10.5017,10.5117
2271,2023-05-09 00:51:34,10.5019,10.5119
2272,2023-05-09 00:51:34,10.5017,10.5117
2273,2023-05-09 00:51:36,10.5018,10.511800000000001
2274,2023-05-09 00:51:37,10.5017,10.5117
2275,2023-05-09 00:51:38,10.5016,10.5116
2276,2023-05-09 00:51:38,10.5018,10.511800000000001
2277,2023-05-09 00:51:39,10.5016,10.5116
2278,2023-05-09 00:51:39,10.5015,10.5115
2279,2023-05-09 00:51:40,10.5014,10.5114
2280,2023-05-09 00:51:41,10.5013,10.5113
2281,2023-05-09 00:51:42,10.5015,10.5115
2282,2023-05-09 00:51:43,10.5013,10.5113
2283,2023-05-09 00:51:43,10.5018,10.511800000000001
2284,2023-05-09 00:51:43,10.5015,10.5115
2285,2023-05-09 00:51:45,10.5017,10.5117
2286,2023-05-09 00:51:45,10.5014,10.5114
2287,2023-05-09 00:51:46,10.5015,10.5115
2288,2023-05-09 00:51:48,10.5017,10.5117
2289,2023-05-09 00:51:48,10.5016,10.5116
2290,2023-05-09 00:51:49,10.5015,10.5115
2291,2023-05-09 00:51:53,10.5014,10.5114
2292,2023-05-09 00:51:53,10.5016,10.5116
2293,2023-05-09 00:51:53,10.5014,10.5114
2294,2023-05-09 00:51:56,10.5016,10.5116
2295,2023-05-09 00:51:56,10.5014,10.5114
2296,2023-05-09 00:51:58,10.5015,10.5115
2297,2023-05-09 00:51:58,10.5014,10.5114
2298,2023-05-09 00:51:58,10.5015,10.5115
2299,2023-05-09 00:51:59,10.5014,10.5114
2300,2023-05-09 00:52:00,10.5015,10.5115
2301,2023-05-09 00:52:00,10.5014,10.5114
2302,2023-05-09 00:52:00,10.5017,10.5117
2303,2023-05-09 00:52:02,10.5022,10.5122
2304,2023-05-09 00:52:09,10.5021,10.5121
2305,2023-05-09 00:52:09,10.502,10.512
2306,2023-05-09 00:52:10,10.5019,10.5119
2307,2023-05-09 00:52:12,10.502,10.512
2308,2023-05-09 00:52:12,10.5017,10.5117
2309,2023-05-09 00:52:13,10.5014,10.5114
2310,2023-05-09 00:52:13,10.5016,10.5116
2311,2023-05-09 00:52:19,10.5018,10.511800000000001
2312,2023-05-09 00:52:19,10.5016,10.5116
2313,2023-05-09 00:52:20,10.5018,10.511800000000001
2314,2023-05-09 00:52:21,10.5016,10.5116
2315,2023-05-09 00:52:21,10.5018,10.511800000000001
2316,2023-05-09 00:52:25,10.5023,10.5123
2317,2023-05-09 00:52:25,10.5018,10.511800000000001
2318,2023-05-09 00:52:25,10.5019,10.5119
2319,2023-05-09 00:52:26,10.5018,10.511800000000001
2320,2023-05-09 00:52:28,10.5015,10.5115
2321,2023-05-09 00:52:29,10.5017,10.5117
2322,2023-05-09 00:52:29,10.5015,10.5115
2323,2023-05-09 00:52:29,10.5017,10.5117
2324,2023-05-09 00:52:30,10.5015,10.5115
2325,2023-05-09 00:52:31,10.5017,10.5117
2326,2023-05-09 00:52:31,10.5015,10.5115
2327,2023-05-09 00:52:32,10.5017,10.5117
2328,2023-05-09 00:52:32,10.5015,10.5115
2329,2023-05-09 00:52:33,10.5019,10.5119
2330,2023-05-09 00:52:33,10.5015,10.5115
2331,2023-05-09 00:52:34,10.5017,10.5117
2332,2023-05-09 00:52:34,10.5015,10.5115
2333,2023-05-09 00:52:34,10.5017,10.5117
2334,2023-05-09 00:52:35,10.5016,10.5116
2335,2023-05-09 00:52:35,10.5017,10.5117
2336,2023-05-09 00:52:36,10.5018,10.511800000000001
2337,2023-05-09 00:52:36,10.5016,10.5116
2338,2023-05-09 00:52:37,10.5015,10.5115
2339,2023-05-09 00:52:37,10.502,10.512
2340,2023-05-09 00:52:37,10.5017,10.5117
2341,2023-05-09 00:52:39,10.5019,10.5119
2342,2023-05-09 00:52:39,10.5017,10.5117
2343,2023-05-09 00:52:40,10.5019,10.5119
2344,2023-05-09 00:52:41,10.5021,10.5121
2345,2023-05-09 00:52:41,10.5018,10.511800000000001
2346,2023-05-09 00:52:42,10.5019,10.5119
2347,2023-05-09 00:52:43,10.502,10.512
2348,2023-05-09 00:52:43,10.5018,10.511800000000001
2349,2023-05-09 00:52:43,10.502,10.512
2350,2023-05-09 00:52:44,10.5019,10.5119
2351,2023-05-09 00:52:44,10.5018,10.511800000000001
2352,2023-05-09 00:52:44,10.5017,10.5117
2353,2023-05-09 00:52:45,10.5016,10.5116
2354,2023-05-09 00:52:45,10.5017,10.5117
2355,2023-05-09 00:52:45,10.5016,10.5116
2356,2023-05-09 00:52:48,10.5017,10.5117
2357,2023-05-09 00:52:48,10.5015,10.5115
2358,2023-05-09 00:52:49,10.5016,10.5116
2359,2023-05-09 00:52:49,10.5015,10.5115
2360,2023-05-09 00:52:50,10.5016,10.5116
2361,2023-05-09 00:52:50,10.5015,10.5115
2362,2023-05-09 00:52:51,10.5017,10.5117
2363,2023-05-09 00:52:51,10.5015,10.5115
2364,2023-05-09 00:52:51,10.5013,10.5113
2365,2023-05-09 00:52:53,10.5015,10.5115
2366,2023-05-09 00:52:53,10.5013,10.5113
2367,2023-05-09 00:52:54,10.5016,10.5116
2368,2023-05-09 00:52:54,10.5015,10.5115
2369,2023-05-09 00:52:54,10.5013,10.5113
2370,2023-05-09 00:52:55,10.5015,10.5115
2371,2023-05-09 00:52:56,10.5021,10.5121
2372,2023-05-09 00:52:57,10.5024,10.5124
2373,2023-05-09 00:52:57,10.5032,10.5132
2374,2023-05-09 00:52:57,10.5029,10.5129
2375,2023-05-09 00:52:58,10.5031,10.5131
2376,2023-05-09 00:52:58,10.5033,10.5133
2377,2023-05-09 00:53:00,10.5031,10.5131
2378,2023-05-09 00:53:01,10.5033,10.5133
2379,2023-05-09 00:53:01,10.5031,10.5131
2380,2023-05-09 00:53:02,10.5034,10.5134
2381,2023-05-09 00:53:03,10.5035,10.5135
2382,2023-05-09 00:53:06,10.5034,10.5134
2383,2023-05-09 00:53:08,10.5036,10.5136
2384,2023-05-09 00:53:08,10.5037,10.5137
2385,2023-05-09 00:53:08,10.5038,10.5138
2386,2023-05-09 00:53:10,10.5039,10.5139
2387,2023-05-09 00:53:12,10.5038,10.5138
2388,2023-05-09 00:53:12,10.504,10.514
2389,2023-05-09 00:53:12,10.5038,10.5138
2390,2023-05-09 00:53:13,10.5039,10.5139
2391,2023-05-09 00:53:15,10.5041,10.5141
2392,2023-05-09 00:53:15,10.5039,10.5139
2393,2023-05-09 00:53:16,10.5038,10.5138
2394,2023-05-09 00:53:16,10.504,10.514
2395,2023-05-09 00:53:16,10.5039,10.5139
2396,2023-05-09 00:53:17,10.5036,10.5136
2397,2023-05-09 00:53:17,10.5038,10.5138
2398,2023-05-09 00:53:17,10.5036,10.5136
2399,2023-05-09 00:53:18,10.5037,10.5137
2400,2023-05-09 00:53:18,10.5036,10.5136
2401,2023-05-09 00:53:18,10.5038,10.5138
2402,2023-05-09 00:53:19,10.5039,10.5139
2403,2023-05-09 00:53:19,10.5037,10.5137
2404,2023-05-09 00:53:20,10.5039,10.5139
2405,2023-05-09 00:53:20,10.5042,10.5142
2406,2023-05-09 00:53:21,10.504,10.514
2407,2023-05-09 00:53:23,10.5039,10.5139
2408,2023-05-09 00:53:23,10.5041,10.5141
2409,2023-05-09 00:53:23,10.5039,10.5139
2410,2023-05-09 00:53:24,10.5042,10.5142
2411,2023-05-09 00:53:24,10.5039,10.5139
2412,2023-05-09 00:53:25,10.5042,10.5142
2413,2023-05-09 00:53:25,10.504,10.514
2414,2023-05-09 00:53:29,10.5043,10.5143
2415,2023-05-09 00:53:29,10.504,10.514
2416,2023-05-09 00:53:29,10.5044,10.5144
2417,2023-05-09 00:53:29,10.5041,10.5141
2418,2023-05-09 00:53:30,10.5042,10.5142
2419,2023-05-09 00:53:33,10.5044,10.5144
2420,2023-05-09 00:53:33,10.5042,10.5142
2421,2023-05-09 00:53:34,10.5043,10.5143
2422,2023-05-09 00:53:34,10.5044,10.5144
2423,2023-05-09 00:53:35,10.5045,10.5145
2424,2023-05-09 00:53:35,10.5047,10.5147
2425,2023-05-09 00:53:35,10.5043,10.5143
2426,2023-05-09 00:53:40,10.5046,10.5146
2427,2023-05-09 00:53:42,10.5043,10.5143
2428,2023-05-09 00:53:43,10.5041,10.5141
2429,2023-05-09 00:53:45,10.5045,10.5145
2430,2023-05-09 00:53:45,10.5041,10.5141
2431,2023-05-09 00:53:48,10.5044,10.5144
2432,2023-05-09 00:53:49,10.5041,10.5141
