,time,bid,ask
0,2023-05-09 00:00:00,91.586,91.607
1,2023-05-09 00:00:01,91.583,91.604
6,2023-05-09 00:00:02,91.57900000000001,91.6
8,2023-05-09 00:00:03,91.5755,91.59649999999999
10,2023-05-09 00:00:04,91.574,91.595
13,2023-05-09 00:00:05,91.574,91.595
14,2023-05-09 00:00:06,91.575,91.596
15,2023-05-09 00:00:07,91.576,91.597
16,2023-05-09 00:00:08,91.576,91.59700000000001
18,2023-05-09 00:00:09,91.5825,91.6035
20,2023-05-09 00:00:10,91.584,91.605
21,2023-05-09 00:00:11,91.586,91.607
24,2023-05-09 00:00:12,91.584,91.605
27,2023-05-09 00:00:13,91.5885,91.6095
29,2023-05-09 00:00:14,91.59,91.611
30,2023-05-09 00:00:15,91.5885,91.6095
32,2023-05-09 00:00:16,91.592,91.613
35,2023-05-09 00:00:17,91.594,91.615
38,2023-05-09 00:00:19,91.593,91.614
39,2023-05-09 00:00:20,91.594,91.615
40,2023-05-09 00:00:22,91.595,91.616
41,2023-05-09 00:00:23,91.593,91.614
42,2023-05-09 00:00:25,91.5935,91.61449999999999
44,2023-05-09 00:00:26,91.592,91.613
46,2023-05-09 00:00:28,91.594,91.615
47,2023-05-09 00:00:30,91.59700000000001,91.618
49,2023-05-09 00:00:31,91.599,91.62
52,2023-05-09 00:00:32,91.6095,91.6305
54,2023-05-09 00:00:33,91.60749999999999,91.6285
56,2023-05-09 00:00:36,91.6,91.621
59,2023-05-09 00:00:39,91.598,91.619
60,2023-05-09 00:00:40,91.60050000000001,91.6215
62,2023-05-09 00:00:41,91.604,91.625
65,2023-05-09 00:00:42,91.59899999999999,91.62
69,2023-05-09 00:00:43,91.59,91.611
70,2023-05-09 00:00:44,91.587,91.608
71,2023-05-09 00:00:45,91.588,91.609
74,2023-05-09 00:00:46,91.587,91.608
77,2023-05-09 00:00:47,91.588,91.609
79,2023-05-09 00:00:48,91.592,91.613
82,2023-05-09 00:00:49,91.59,91.611
83,2023-05-09 00:00:51,91.593,91.614
86,2023-05-09 00:00:52,91.597,91.618
89,2023-05-09 00:00:53,91.596,91.617
92,2023-05-09 00:00:54,91.5935,91.61449999999999
94,2023-05-09 00:00:55,91.597,91.618
97,2023-05-09 00:00:57,91.604,91.625
100,2023-05-09 00:00:59,91.606,91.627
101,2023-05-09 00:01:00,91.612,91.633
105,2023-05-09 00:01:01,91.6105,91.6315
107,2023-05-09 00:01:02,91.608,91.629
110,2023-05-09 00:01:03,91.608,91.629
113,2023-05-09 00:01:04,91.611,91.632
114,2023-05-09 00:01:05,91.6125,91.6335
116,2023-05-09 00:01:06,91.61449999999999,91.63550000000001
118,2023-05-09 00:01:09,91.613,91.634
119,2023-05-09 00:01:10,91.616,91.637
122,2023-05-09 00:01:11,91.613,91.634
123,2023-05-09 00:01:12,91.614,91.635
124,2023-05-09 00:01:13,91.616,91.637
125,2023-05-09 00:01:14,91.615,91.636
128,2023-05-09 00:01:16,91.616,91.637
129,2023-05-09 00:01:17,91.6115,91.6325
131,2023-05-09 00:01:18,91.611,91.632
132,2023-05-09 00:01:19,91.61,91.631
133,2023-05-09 00:01:20,91.621,91.642
136,2023-05-09 00:01:21,91.623,91.644
137,2023-05-09 00:01:22,91.6195,91.6405
141,2023-05-09 00:01:23,91.622,91.643
142,2023-05-09 00:01:24,91.6225,91.6435
146,2023-05-09 00:01:25,91.622,91.643
147,2023-05-09 00:01:26,91.62,91.641
148,2023-05-09 00:01:27,91.621,91.642
149,2023-05-09 00:01:28,91.62,91.641
150,2023-05-09 00:01:29,91.619,91.64
151,2023-05-09 00:01:30,91.616,91.637
153,2023-05-09 00:01:31,91.6215,91.64250000000001
155,2023-05-09 00:01:32,91.6235,91.6445
159,2023-05-09 00:01:33,91.624,91.645
160,2023-05-09 00:01:34,91.6255,91.6465
162,2023-05-09 00:01:35,91.625,91.646
163,2023-05-09 00:01:36,91.624,91.645
164,2023-05-09 00:01:41,91.6155,91.6365
166,2023-05-09 00:01:42,91.617,91.638
167,2023-05-09 00:01:43,91.615,91.636
170,2023-05-09 00:01:45,91.613,91.634
173,2023-05-09 00:01:47,91.6125,91.6335
175,2023-05-09 00:01:48,91.6075,91.6285
177,2023-05-09 00:01:49,91.604,91.625
179,2023-05-09 00:01:50,91.601,91.622
183,2023-05-09 00:01:51,91.5925,91.6135
185,2023-05-09 00:01:52,91.596,91.617
188,2023-05-09 00:01:53,91.5915,91.6125
192,2023-05-09 00:01:54,91.59100000000001,91.612
194,2023-05-09 00:01:55,91.591,91.612
195,2023-05-09 00:01:56,91.592,91.613
196,2023-05-09 00:01:58,91.592,91.613
198,2023-05-09 00:01:59,91.59100000000001,91.612
200,2023-05-09 00:02:00,91.5895,91.6105
202,2023-05-09 00:02:01,91.592,91.613
205,2023-05-09 00:02:02,91.596,91.617
206,2023-05-09 00:02:03,91.596,91.617
209,2023-05-09 00:02:05,91.591,91.612
210,2023-05-09 00:02:06,91.592,91.613
213,2023-05-09 00:02:07,91.591,91.612
214,2023-05-09 00:02:09,91.5945,91.6155
218,2023-05-09 00:02:11,91.59700000000001,91.618
220,2023-05-09 00:02:12,91.598,91.619
222,2023-05-09 00:02:14,91.595,91.616
223,2023-05-09 00:02:15,91.595,91.616
227,2023-05-09 00:02:16,91.5915,91.6125
231,2023-05-09 00:02:17,91.592,91.613
232,2023-05-09 00:02:18,91.59549999999999,91.6165
234,2023-05-09 00:02:19,91.596,91.617
235,2023-05-09 00:02:21,91.598,91.619
237,2023-05-09 00:02:22,91.598,91.619
238,2023-05-09 00:02:24,91.596,91.61699999999999
240,2023-05-09 00:02:25,91.59649999999999,91.6175
242,2023-05-09 00:02:26,91.596,91.617
243,2023-05-09 00:02:27,91.597,91.618
244,2023-05-09 00:02:28,91.595,91.616
246,2023-05-09 00:02:29,91.594,91.615
249,2023-05-09 00:02:31,91.596,91.617
252,2023-05-09 00:02:33,91.595,91.616
253,2023-05-09 00:02:34,91.5955,91.6165
255,2023-05-09 00:02:35,91.594,91.615
256,2023-05-09 00:02:36,91.595,91.616
257,2023-05-09 00:02:37,91.604,91.625
259,2023-05-09 00:02:38,91.60749999999999,91.6285
261,2023-05-09 00:02:39,91.5995,91.62049999999999
263,2023-05-09 00:02:42,91.5955,91.6165
265,2023-05-09 00:02:44,91.596,91.617
268,2023-05-09 00:02:46,91.5935,91.61449999999999
270,2023-05-09 00:02:47,91.592,91.613
273,2023-05-09 00:02:48,91.593,91.614
274,2023-05-09 00:02:50,91.5925,91.6135
276,2023-05-09 00:02:51,91.592,91.613
277,2023-05-09 00:02:52,91.593,91.614
278,2023-05-09 00:02:53,91.589,91.61
279,2023-05-09 00:02:54,91.581,91.602
282,2023-05-09 00:02:55,91.5795,91.6005
284,2023-05-09 00:02:56,91.57849999999999,91.5995
286,2023-05-09 00:02:57,91.58,91.601
287,2023-05-09 00:02:58,91.581,91.602
288,2023-05-09 00:02:59,91.582,91.603
289,2023-05-09 00:03:00,91.587,91.608
292,2023-05-09 00:03:01,91.587,91.608
293,2023-05-09 00:03:06,91.588,91.609
294,2023-05-09 00:03:09,91.5925,91.6135
296,2023-05-09 00:03:10,91.592,91.613
297,2023-05-09 00:03:11,91.593,91.614
298,2023-05-09 00:03:12,91.592,91.613
299,2023-05-09 00:03:16,91.5865,91.6075
301,2023-05-09 00:03:17,91.586,91.607
302,2023-05-09 00:03:21,91.585,91.606
305,2023-05-09 00:03:22,91.586,91.607
306,2023-05-09 00:03:23,91.585,91.606
307,2023-05-09 00:03:25,91.58449999999999,91.6055
309,2023-05-09 00:03:28,91.584,91.605
310,2023-05-09 00:03:29,91.585,91.606
311,2023-05-09 00:03:30,91.584,91.605
312,2023-05-09 00:03:31,91.585,91.606
313,2023-05-09 00:03:35,91.589,91.61
316,2023-05-09 00:03:36,91.587,91.608
319,2023-05-09 00:03:38,91.588,91.609
320,2023-05-09 00:03:39,91.587,91.608
321,2023-05-09 00:03:41,91.586,91.607
322,2023-05-09 00:03:42,91.5855,91.6065
324,2023-05-09 00:03:43,91.587,91.608
325,2023-05-09 00:03:44,91.591,91.612
328,2023-05-09 00:03:45,91.596,91.617
329,2023-05-09 00:03:48,91.597,91.618
330,2023-05-09 00:03:49,91.5955,91.6165
332,2023-05-09 00:03:50,91.592,91.613
333,2023-05-09 00:03:53,91.6,91.621
336,2023-05-09 00:03:55,91.597,91.618
339,2023-05-09 00:03:56,91.5915,91.6125
341,2023-05-09 00:03:57,91.59,91.611
342,2023-05-09 00:03:58,91.587,91.608
343,2023-05-09 00:03:59,91.583,91.604
346,2023-05-09 00:04:00,91.584,91.605
347,2023-05-09 00:04:01,91.583,91.604
348,2023-05-09 00:04:02,91.588,91.60900000000001
350,2023-05-09 00:04:03,91.594,91.61500000000001
352,2023-05-09 00:04:04,91.591,91.612
355,2023-05-09 00:04:05,91.5895,91.6105
357,2023-05-09 00:04:06,91.59,91.611
358,2023-05-09 00:04:11,91.591,91.612
359,2023-05-09 00:04:12,91.594,91.61500000000001
361,2023-05-09 00:04:15,91.59049999999999,91.6115
363,2023-05-09 00:04:16,91.584,91.605
366,2023-05-09 00:04:18,91.584,91.605
367,2023-05-09 00:04:19,91.586,91.607
369,2023-05-09 00:04:20,91.584,91.605
370,2023-05-09 00:04:21,91.5895,91.6105
372,2023-05-09 00:04:22,91.591,91.612
373,2023-05-09 00:04:23,91.5895,91.6105
375,2023-05-09 00:04:24,91.5875,91.60849999999999
377,2023-05-09 00:04:25,91.58449999999999,91.6055
379,2023-05-09 00:04:26,91.583,91.604
380,2023-05-09 00:04:27,91.585,91.606
384,2023-05-09 00:04:29,91.5815,91.60249999999999
386,2023-05-09 00:04:30,91.582,91.603
387,2023-05-09 00:04:31,91.584,91.60499999999999
389,2023-05-09 00:04:32,91.587,91.608
392,2023-05-09 00:04:34,91.5875,91.60849999999999
394,2023-05-09 00:04:38,91.586,91.607
395,2023-05-09 00:04:40,91.59,91.611
396,2023-05-09 00:04:41,91.595,91.616
397,2023-05-09 00:04:44,91.596,91.617
398,2023-05-09 00:04:45,91.595,91.616
399,2023-05-09 00:04:47,91.59899999999999,91.62
403,2023-05-09 00:04:48,91.59700000000001,91.618
405,2023-05-09 00:04:49,91.597,91.618
406,2023-05-09 00:04:53,91.608,91.62899999999999
408,2023-05-09 00:04:54,91.61449999999999,91.63550000000001
410,2023-05-09 00:04:57,91.621,91.642
411,2023-05-09 00:04:58,91.62,91.641
412,2023-05-09 00:04:59,91.619,91.64
413,2023-05-09 00:05:00,91.619,91.64
414,2023-05-09 00:05:01,91.622,91.643
415,2023-05-09 00:05:02,91.624,91.645
416,2023-05-09 00:05:05,91.62,91.641
417,2023-05-09 00:05:06,91.62049999999999,91.64150000000001
419,2023-05-09 00:05:07,91.622,91.643
422,2023-05-09 00:05:08,91.6225,91.6435
424,2023-05-09 00:05:09,91.62,91.641
427,2023-05-09 00:05:10,91.62,91.641
430,2023-05-09 00:05:11,91.622,91.643
434,2023-05-09 00:05:12,91.623,91.644
437,2023-05-09 00:05:13,91.624,91.645
438,2023-05-09 00:05:14,91.6235,91.6445
442,2023-05-09 00:05:15,91.6235,91.6445
446,2023-05-09 00:05:16,91.623,91.644
447,2023-05-09 00:05:17,91.62950000000001,91.6505
451,2023-05-09 00:05:18,91.645,91.666
454,2023-05-09 00:05:19,91.6505,91.67150000000001
456,2023-05-09 00:05:20,91.658,91.679
459,2023-05-09 00:05:22,91.656,91.677
460,2023-05-09 00:05:25,91.651,91.672
461,2023-05-09 00:05:26,91.65100000000001,91.672
463,2023-05-09 00:05:27,91.6575,91.67850000000001
467,2023-05-09 00:05:28,91.656,91.677
468,2023-05-09 00:05:29,91.658,91.679
469,2023-05-09 00:05:30,91.66149999999999,91.6825
471,2023-05-09 00:05:31,91.664,91.685
472,2023-05-09 00:05:32,91.669,91.69
475,2023-05-09 00:05:33,91.6675,91.6885
477,2023-05-09 00:05:37,91.666,91.687
478,2023-05-09 00:05:38,91.667,91.688
481,2023-05-09 00:05:39,91.668,91.689
484,2023-05-09 00:05:40,91.666,91.687
485,2023-05-09 00:05:41,91.6645,91.6855
489,2023-05-09 00:05:42,91.66550000000001,91.6865
491,2023-05-09 00:05:43,91.665,91.686
492,2023-05-09 00:05:44,91.662,91.683
493,2023-05-09 00:05:45,91.663,91.684
494,2023-05-09 00:05:46,91.6625,91.68350000000001
496,2023-05-09 00:05:47,91.662,91.683
500,2023-05-09 00:05:48,91.65299999999999,91.674
502,2023-05-09 00:05:50,91.65,91.671
505,2023-05-09 00:05:51,91.6525,91.6735
507,2023-05-09 00:05:52,91.65350000000001,91.6745
509,2023-05-09 00:05:53,91.654,91.675
512,2023-05-09 00:05:55,91.657,91.678
513,2023-05-09 00:05:56,91.658,91.679
514,2023-05-09 00:06:00,91.658,91.679
515,2023-05-09 00:06:01,91.66,91.681
516,2023-05-09 00:06:06,91.658,91.679
517,2023-05-09 00:06:09,91.662,91.683
520,2023-05-09 00:06:10,91.663,91.684
521,2023-05-09 00:06:11,91.6625,91.68350000000001
523,2023-05-09 00:06:12,91.662,91.683
524,2023-05-09 00:06:13,91.664,91.685
525,2023-05-09 00:06:14,91.662,91.683
527,2023-05-09 00:06:22,91.656,91.677
530,2023-05-09 00:06:25,91.657,91.678
531,2023-05-09 00:06:29,91.658,91.679
532,2023-05-09 00:06:30,91.657,91.678
533,2023-05-09 00:06:31,91.658,91.679
534,2023-05-09 00:06:32,91.657,91.678
537,2023-05-09 00:06:33,91.6555,91.6765
539,2023-05-09 00:06:38,91.654,91.675
540,2023-05-09 00:06:39,91.651,91.672
541,2023-05-09 00:06:40,91.649,91.67
544,2023-05-09 00:06:42,91.647,91.668
545,2023-05-09 00:06:46,91.6485,91.6695
547,2023-05-09 00:06:50,91.648,91.669
548,2023-05-09 00:06:51,91.651,91.672
551,2023-05-09 00:06:56,91.655,91.676
552,2023-05-09 00:06:57,91.65350000000001,91.6745
554,2023-05-09 00:06:58,91.649,91.67
556,2023-05-09 00:06:59,91.6565,91.67750000000001
558,2023-05-09 00:07:00,91.6575,91.6785
560,2023-05-09 00:07:02,91.65899999999999,91.68
562,2023-05-09 00:07:04,91.661,91.682
563,2023-05-09 00:07:06,91.6625,91.68350000000001
565,2023-05-09 00:07:07,91.661,91.682
566,2023-05-09 00:07:10,91.658,91.679
568,2023-05-09 00:07:11,91.657,91.678
569,2023-05-09 00:07:12,91.6585,91.6795
573,2023-05-09 00:07:13,91.657,91.678
574,2023-05-09 00:07:15,91.65899999999999,91.68
576,2023-05-09 00:07:16,91.658,91.679
579,2023-05-09 00:07:17,91.658,91.679
580,2023-05-09 00:07:18,91.657,91.678
581,2023-05-09 00:07:19,91.658,91.679
582,2023-05-09 00:07:20,91.66,91.68100000000001
584,2023-05-09 00:07:21,91.6605,91.6815
586,2023-05-09 00:07:22,91.66,91.681
587,2023-05-09 00:07:24,91.661,91.682
588,2023-05-09 00:07:25,91.659,91.68
589,2023-05-09 00:07:26,91.6605,91.6815
591,2023-05-09 00:07:28,91.66,91.681
592,2023-05-09 00:07:29,91.662,91.683
593,2023-05-09 00:07:31,91.665,91.686
594,2023-05-09 00:07:32,91.663,91.684
595,2023-05-09 00:07:33,91.665,91.686
598,2023-05-09 00:07:34,91.6685,91.6895
600,2023-05-09 00:07:36,91.673,91.69399999999999
602,2023-05-09 00:07:40,91.669,91.69
603,2023-05-09 00:07:41,91.666,91.687
604,2023-05-09 00:07:42,91.66550000000001,91.6865
606,2023-05-09 00:07:44,91.667,91.688
607,2023-05-09 00:07:45,91.66550000000001,91.6865
609,2023-05-09 00:07:46,91.6705,91.69149999999999
611,2023-05-09 00:07:47,91.67150000000001,91.6925
615,2023-05-09 00:07:48,91.67,91.691
616,2023-05-09 00:07:52,91.668,91.689
618,2023-05-09 00:07:53,91.6685,91.6895
620,2023-05-09 00:07:54,91.6705,91.69149999999999
622,2023-05-09 00:07:55,91.6725,91.6935
626,2023-05-09 00:07:56,91.671,91.692
627,2023-05-09 00:07:57,91.67,91.691
628,2023-05-09 00:07:58,91.669,91.69
629,2023-05-09 00:08:00,91.669,91.69
630,2023-05-09 00:08:01,91.6705,91.69149999999999
632,2023-05-09 00:08:02,91.674,91.695
633,2023-05-09 00:08:03,91.6725,91.6935
635,2023-05-09 00:08:04,91.674,91.695
638,2023-05-09 00:08:05,91.674,91.695
641,2023-05-09 00:08:06,91.6735,91.6945
643,2023-05-09 00:08:11,91.675,91.696
644,2023-05-09 00:08:12,91.674,91.695
645,2023-05-09 00:08:13,91.67,91.691
646,2023-05-09 00:08:14,91.669,91.69
647,2023-05-09 00:08:16,91.6685,91.6895
649,2023-05-09 00:08:17,91.672,91.693
652,2023-05-09 00:08:19,91.6755,91.6965
654,2023-05-09 00:08:20,91.6795,91.7005
656,2023-05-09 00:08:21,91.681,91.702
657,2023-05-09 00:08:22,91.683,91.704
658,2023-05-09 00:08:23,91.682,91.703
659,2023-05-09 00:08:24,91.683,91.704
660,2023-05-09 00:08:27,91.681,91.702
661,2023-05-09 00:08:32,91.677,91.698
664,2023-05-09 00:08:33,91.676,91.697
665,2023-05-09 00:08:34,91.6785,91.6995
667,2023-05-09 00:08:37,91.676,91.697
668,2023-05-09 00:08:41,91.678,91.699
669,2023-05-09 00:08:42,91.677,91.698
670,2023-05-09 00:08:43,91.6765,91.69749999999999
672,2023-05-09 00:08:44,91.6795,91.7005
674,2023-05-09 00:08:46,91.682,91.703
675,2023-05-09 00:08:47,91.68,91.701
676,2023-05-09 00:08:58,91.681,91.702
677,2023-05-09 00:08:59,91.6865,91.7075
681,2023-05-09 00:09:00,91.686,91.707
682,2023-05-09 00:09:01,91.6865,91.7075
684,2023-05-09 00:09:02,91.689,91.71000000000001
686,2023-05-09 00:09:03,91.6875,91.7085
690,2023-05-09 00:09:04,91.687,91.708
691,2023-05-09 00:09:05,91.688,91.709
692,2023-05-09 00:09:06,91.687,91.708
693,2023-05-09 00:09:07,91.687,91.708
696,2023-05-09 00:09:08,91.688,91.709
697,2023-05-09 00:09:09,91.689,91.71
698,2023-05-09 00:09:11,91.687,91.708
699,2023-05-09 00:09:12,91.685,91.706
700,2023-05-09 00:09:14,91.684,91.705
701,2023-05-09 00:09:15,91.691,91.712
704,2023-05-09 00:09:16,91.6965,91.7175
706,2023-05-09 00:09:17,91.693,91.714
708,2023-05-09 00:09:19,91.693,91.714
711,2023-05-09 00:09:21,91.695,91.716
712,2023-05-09 00:09:22,91.697,91.718
713,2023-05-09 00:09:28,91.6955,91.7165
715,2023-05-09 00:09:33,91.693,91.714
717,2023-05-09 00:09:34,91.691,91.712
718,2023-05-09 00:09:37,91.692,91.713
719,2023-05-09 00:09:38,91.689,91.71
720,2023-05-09 00:09:39,91.685,91.70599999999999
722,2023-05-09 00:09:40,91.6845,91.7055
724,2023-05-09 00:09:41,91.685,91.706
725,2023-05-09 00:09:42,91.686,91.707
726,2023-05-09 00:09:43,91.685,91.706
727,2023-05-09 00:09:44,91.6865,91.7075
729,2023-05-09 00:09:45,91.686,91.707
730,2023-05-09 00:09:46,91.687,91.708
731,2023-05-09 00:09:50,91.685,91.706
732,2023-05-09 00:09:52,91.6875,91.70849999999999
734,2023-05-09 00:09:54,91.689,91.71000000000001
736,2023-05-09 00:09:55,91.687,91.708
737,2023-05-09 00:09:56,91.6865,91.7075
739,2023-05-09 00:09:57,91.683,91.704
740,2023-05-09 00:09:58,91.684,91.705
743,2023-05-09 00:09:59,91.685,91.706
744,2023-05-09 00:10:00,91.687,91.708
747,2023-05-09 00:10:02,91.687,91.708
748,2023-05-09 00:10:05,91.6865,91.7075
750,2023-05-09 00:10:06,91.686,91.707
751,2023-05-09 00:10:10,91.685,91.706
752,2023-05-09 00:10:14,91.6885,91.70949999999999
754,2023-05-09 00:10:15,91.687,91.708
755,2023-05-09 00:10:16,91.686,91.707
756,2023-05-09 00:10:21,91.682,91.703
757,2023-05-09 00:10:22,91.6815,91.7025
759,2023-05-09 00:10:23,91.681,91.702
762,2023-05-09 00:10:24,91.68,91.701
763,2023-05-09 00:10:26,91.6795,91.7005
765,2023-05-09 00:10:28,91.679,91.7
766,2023-05-09 00:10:29,91.676,91.697
768,2023-05-09 00:10:32,91.6755,91.6965
770,2023-05-09 00:10:33,91.679,91.7
771,2023-05-09 00:10:34,91.68,91.701
772,2023-05-09 00:10:35,91.679,91.7
773,2023-05-09 00:10:37,91.68350000000001,91.7045
775,2023-05-09 00:10:40,91.681,91.702
779,2023-05-09 00:10:41,91.6815,91.7025
781,2023-05-09 00:10:42,91.684,91.705
782,2023-05-09 00:10:44,91.683,91.704
783,2023-05-09 00:10:46,91.682,91.703
784,2023-05-09 00:10:47,91.683,91.704
785,2023-05-09 00:10:48,91.68,91.701
787,2023-05-09 00:10:49,91.682,91.703
788,2023-05-09 00:10:53,91.683,91.704
789,2023-05-09 00:10:54,91.6855,91.7065
791,2023-05-09 00:10:55,91.688,91.709
792,2023-05-09 00:10:56,91.687,91.708
793,2023-05-09 00:10:57,91.686,91.707
794,2023-05-09 00:10:58,91.689,91.71
797,2023-05-09 00:11:00,91.69,91.711
800,2023-05-09 00:11:03,91.6895,91.7105
802,2023-05-09 00:11:05,91.6905,91.7115
804,2023-05-09 00:11:10,91.688,91.709
805,2023-05-09 00:11:11,91.69149999999999,91.7125
807,2023-05-09 00:11:12,91.691,91.712
808,2023-05-09 00:11:13,91.69,91.711
809,2023-05-09 00:11:16,91.686,91.707
810,2023-05-09 00:11:17,91.687,91.708
811,2023-05-09 00:11:22,91.686,91.707
812,2023-05-09 00:11:23,91.688,91.709
813,2023-05-09 00:11:24,91.689,91.71
814,2023-05-09 00:11:26,91.69,91.711
815,2023-05-09 00:11:27,91.6895,91.7105
817,2023-05-09 00:11:30,91.689,91.71
818,2023-05-09 00:11:37,91.691,91.712
821,2023-05-09 00:11:38,91.695,91.716
822,2023-05-09 00:11:40,91.696,91.717
823,2023-05-09 00:11:42,91.697,91.718
824,2023-05-09 00:11:44,91.6995,91.7205
826,2023-05-09 00:11:45,91.69800000000001,91.719
828,2023-05-09 00:11:46,91.6995,91.7205
830,2023-05-09 00:11:50,91.701,91.722
831,2023-05-09 00:11:52,91.703,91.724
832,2023-05-09 00:11:53,91.702,91.723
833,2023-05-09 00:11:58,91.706,91.727
834,2023-05-09 00:11:59,91.705,91.726
835,2023-05-09 00:12:00,91.704,91.725
838,2023-05-09 00:12:01,91.69399999999999,91.715
840,2023-05-09 00:12:02,91.6925,91.7135
842,2023-05-09 00:12:03,91.696,91.717
845,2023-05-09 00:12:04,91.699,91.72
846,2023-05-09 00:12:06,91.698,91.719
847,2023-05-09 00:12:07,91.69999999999999,91.721
849,2023-05-09 00:12:08,91.703,91.724
850,2023-05-09 00:12:11,91.701,91.72200000000001
852,2023-05-09 00:12:17,91.703,91.724
853,2023-05-09 00:12:18,91.702,91.723
854,2023-05-09 00:12:20,91.706,91.727
855,2023-05-09 00:12:26,91.707,91.728
856,2023-05-09 00:12:27,91.704,91.725
857,2023-05-09 00:12:29,91.703,91.724
858,2023-05-09 00:12:31,91.7,91.721
859,2023-05-09 00:12:33,91.701,91.722
860,2023-05-09 00:12:36,91.7025,91.7235
862,2023-05-09 00:12:39,91.701,91.722
863,2023-05-09 00:12:40,91.69999999999999,91.721
865,2023-05-09 00:12:44,91.7025,91.7235
867,2023-05-09 00:12:45,91.7055,91.7265
869,2023-05-09 00:12:46,91.703,91.724
870,2023-05-09 00:12:48,91.702,91.723
871,2023-05-09 00:12:49,91.701,91.722
874,2023-05-09 00:12:51,91.702,91.723
875,2023-05-09 00:12:52,91.706,91.727
878,2023-05-09 00:12:54,91.708,91.729
879,2023-05-09 00:12:55,91.71000000000001,91.731
881,2023-05-09 00:12:57,91.71,91.731
882,2023-05-09 00:12:58,91.711,91.732
883,2023-05-09 00:12:59,91.71000000000001,91.731
885,2023-05-09 00:13:00,91.71199999999999,91.733
887,2023-05-09 00:13:02,91.714,91.735
888,2023-05-09 00:13:03,91.715,91.736
889,2023-05-09 00:13:04,91.714,91.735
890,2023-05-09 00:13:05,91.71199999999999,91.733
892,2023-05-09 00:13:06,91.715,91.736
893,2023-05-09 00:13:08,91.7145,91.7355
897,2023-05-09 00:13:09,91.715,91.736
898,2023-05-09 00:13:11,91.717,91.738
901,2023-05-09 00:13:12,91.7165,91.7375
903,2023-05-09 00:13:13,91.716,91.737
904,2023-05-09 00:13:14,91.714,91.735
905,2023-05-09 00:13:16,91.713,91.734
908,2023-05-09 00:13:17,91.714,91.735
909,2023-05-09 00:13:18,91.715,91.736
910,2023-05-09 00:13:20,91.7135,91.7345
912,2023-05-09 00:13:22,91.7115,91.7325
914,2023-05-09 00:13:23,91.71,91.731
915,2023-05-09 00:13:24,91.708,91.729
916,2023-05-09 00:13:25,91.707,91.728
917,2023-05-09 00:13:26,91.706,91.727
918,2023-05-09 00:13:27,91.705,91.726
919,2023-05-09 00:13:28,91.704,91.725
920,2023-05-09 00:13:29,91.701,91.722
921,2023-05-09 00:13:32,91.699,91.72
922,2023-05-09 00:13:34,91.6995,91.7205
924,2023-05-09 00:13:35,91.7,91.721
925,2023-05-09 00:13:39,91.706,91.727
926,2023-05-09 00:13:44,91.7,91.721
927,2023-05-09 00:13:48,91.701,91.722
928,2023-05-09 00:13:49,91.69149999999999,91.7125
930,2023-05-09 00:13:50,91.692,91.713
933,2023-05-09 00:13:52,91.691,91.712
934,2023-05-09 00:13:53,91.689,91.71
935,2023-05-09 00:13:55,91.69,91.711
936,2023-05-09 00:13:57,91.691,91.712
937,2023-05-09 00:13:59,91.69,91.711
938,2023-05-09 00:14:00,91.69,91.711
939,2023-05-09 00:14:01,91.6885,91.70949999999999
941,2023-05-09 00:14:02,91.689,91.71
942,2023-05-09 00:14:03,91.69,91.711
943,2023-05-09 00:14:05,91.692,91.713
944,2023-05-09 00:14:07,91.693,91.714
945,2023-05-09 00:14:08,91.692,91.713
946,2023-05-09 00:14:10,91.695,91.716
947,2023-05-09 00:14:11,91.695,91.71600000000001
949,2023-05-09 00:14:12,91.697,91.718
950,2023-05-09 00:14:13,91.694,91.715
953,2023-05-09 00:14:15,91.694,91.715
954,2023-05-09 00:14:18,91.699,91.72
955,2023-05-09 00:14:19,91.7005,91.72149999999999
957,2023-05-09 00:14:20,91.701,91.722
958,2023-05-09 00:14:21,91.702,91.723
959,2023-05-09 00:14:23,91.703,91.724
960,2023-05-09 00:14:25,91.705,91.726
963,2023-05-09 00:14:27,91.704,91.725
964,2023-05-09 00:14:28,91.706,91.727
965,2023-05-09 00:14:29,91.708,91.729
967,2023-05-09 00:14:32,91.71,91.731
968,2023-05-09 00:14:34,91.709,91.73
969,2023-05-09 00:14:35,91.7075,91.7285
971,2023-05-09 00:14:36,91.7105,91.7315
973,2023-05-09 00:14:37,91.7225,91.74350000000001
975,2023-05-09 00:14:38,91.726,91.747
978,2023-05-09 00:14:39,91.723,91.744
979,2023-05-09 00:14:40,91.724,91.745
980,2023-05-09 00:14:41,91.7235,91.7445
982,2023-05-09 00:14:42,91.72,91.741
983,2023-05-09 00:14:43,91.722,91.743
984,2023-05-09 00:14:44,91.72149999999999,91.7425
986,2023-05-09 00:14:45,91.7205,91.7415
988,2023-05-09 00:14:46,91.7185,91.73949999999999
990,2023-05-09 00:14:47,91.7195,91.7405
992,2023-05-09 00:14:49,91.721,91.742
993,2023-05-09 00:14:50,91.721,91.74199999999999
995,2023-05-09 00:14:53,91.7245,91.74549999999999
997,2023-05-09 00:14:54,91.723,91.744
999,2023-05-09 00:14:55,91.721,91.742
1000,2023-05-09 00:14:56,91.722,91.743
1001,2023-05-09 00:14:57,91.725,91.746
1004,2023-05-09 00:14:58,91.7245,91.74549999999999
1006,2023-05-09 00:14:59,91.7225,91.7435
1008,2023-05-09 00:15:00,91.721,91.742
1009,2023-05-09 00:15:01,91.723,91.744
1010,2023-05-09 00:15:02,91.72149999999999,91.7425
1012,2023-05-09 00:15:03,91.725,91.746
1015,2023-05-09 00:15:04,91.72200000000001,91.743
1017,2023-05-09 00:15:05,91.722,91.743
1018,2023-05-09 00:15:06,91.719,91.74000000000001
1020,2023-05-09 00:15:07,91.714,91.735
1021,2023-05-09 00:15:08,91.71549999999999,91.7365
1023,2023-05-09 00:15:09,91.721,91.742
1026,2023-05-09 00:15:10,91.725,91.746
1027,2023-05-09 00:15:11,91.727,91.748
1028,2023-05-09 00:15:12,91.728,91.749
1029,2023-05-09 00:15:18,91.721,91.742
1030,2023-05-09 00:15:20,91.715,91.736
1031,2023-05-09 00:15:21,91.714,91.735
1032,2023-05-09 00:15:23,91.715,91.736
1033,2023-05-09 00:15:24,91.714,91.735
1034,2023-05-09 00:15:25,91.713,91.734
1035,2023-05-09 00:15:26,91.714,91.735
1036,2023-05-09 00:15:27,91.713,91.734
1037,2023-05-09 00:15:28,91.714,91.735
1038,2023-05-09 00:15:29,91.717,91.738
1039,2023-05-09 00:15:31,91.716,91.737
1040,2023-05-09 00:15:32,91.715,91.73599999999999
1042,2023-05-09 00:15:33,91.7115,91.7325
1044,2023-05-09 00:15:34,91.714,91.735
1047,2023-05-09 00:15:35,91.715,91.736
1048,2023-05-09 00:15:38,91.7145,91.7355
1050,2023-05-09 00:15:39,91.717,91.738
1051,2023-05-09 00:15:40,91.716,91.737
1052,2023-05-09 00:15:41,91.717,91.738
1053,2023-05-09 00:15:42,91.713,91.734
1054,2023-05-09 00:15:43,91.714,91.735
1055,2023-05-09 00:15:44,91.7145,91.7355
1057,2023-05-09 00:15:45,91.715,91.736
1058,2023-05-09 00:15:49,91.71449999999999,91.7355
1060,2023-05-09 00:15:50,91.715,91.736
1061,2023-05-09 00:15:51,91.7175,91.7385
1063,2023-05-09 00:15:53,91.716,91.737
1064,2023-05-09 00:15:55,91.718,91.739
1065,2023-05-09 00:15:56,91.715,91.73599999999999
1067,2023-05-09 00:15:57,91.717,91.738
1069,2023-05-09 00:16:00,91.721,91.742
1072,2023-05-09 00:16:01,91.71799999999999,91.739
1074,2023-05-09 00:16:03,91.7175,91.7385
1076,2023-05-09 00:16:05,91.719,91.74
1077,2023-05-09 00:16:07,91.71950000000001,91.7405
1079,2023-05-09 00:16:08,91.719,91.74
1080,2023-05-09 00:16:09,91.72,91.741
1081,2023-05-09 00:16:15,91.721,91.742
1082,2023-05-09 00:16:16,91.719,91.74
1083,2023-05-09 00:16:21,91.722,91.743
1086,2023-05-09 00:16:22,91.7205,91.7415
1088,2023-05-09 00:16:25,91.7185,91.73949999999999
1090,2023-05-09 00:16:26,91.72,91.741
1091,2023-05-09 00:16:28,91.72149999999999,91.7425
1093,2023-05-09 00:16:29,91.72149999999999,91.7425
1095,2023-05-09 00:16:30,91.723,91.744
1096,2023-05-09 00:16:31,91.72149999999999,91.7425
1098,2023-05-09 00:16:33,91.721,91.742
1099,2023-05-09 00:16:34,91.719,91.74
1102,2023-05-09 00:16:41,91.715,91.736
1103,2023-05-09 00:16:42,91.714,91.735
1104,2023-05-09 00:16:43,91.717,91.738
1105,2023-05-09 00:16:44,91.71549999999999,91.7365
1107,2023-05-09 00:16:45,91.717,91.738
1108,2023-05-09 00:16:46,91.716,91.737
1109,2023-05-09 00:16:49,91.718,91.739
1110,2023-05-09 00:16:50,91.715,91.73599999999999
1112,2023-05-09 00:16:53,91.713,91.734
1113,2023-05-09 00:16:55,91.716,91.737
1114,2023-05-09 00:16:56,91.72,91.741
1117,2023-05-09 00:16:57,91.721,91.742
1118,2023-05-09 00:16:58,91.722,91.743
1119,2023-05-09 00:17:00,91.72,91.741
1120,2023-05-09 00:17:01,91.724,91.745
1121,2023-05-09 00:17:02,91.7225,91.7435
1123,2023-05-09 00:17:03,91.718,91.739
1126,2023-05-09 00:17:04,91.718,91.739
1127,2023-05-09 00:17:07,91.71799999999999,91.739
1129,2023-05-09 00:17:08,91.718,91.739
1130,2023-05-09 00:17:11,91.72,91.741
1132,2023-05-09 00:17:12,91.724,91.745
1133,2023-05-09 00:17:15,91.7245,91.74549999999999
1135,2023-05-09 00:17:16,91.72149999999999,91.7425
1137,2023-05-09 00:17:17,91.722,91.743
1138,2023-05-09 00:17:18,91.724,91.745
1139,2023-05-09 00:17:19,91.725,91.746
1140,2023-05-09 00:17:21,91.727,91.748
1141,2023-05-09 00:17:23,91.726,91.747
1142,2023-05-09 00:17:26,91.7245,91.74549999999999
1144,2023-05-09 00:17:27,91.7225,91.7435
1146,2023-05-09 00:17:28,91.723,91.744
1147,2023-05-09 00:17:29,91.7255,91.7465
1149,2023-05-09 00:17:30,91.726,91.747
1150,2023-05-09 00:17:33,91.725,91.746
1151,2023-05-09 00:17:37,91.7245,91.74549999999999
1153,2023-05-09 00:17:39,91.724,91.745
1154,2023-05-09 00:17:41,91.727,91.748
1155,2023-05-09 00:17:43,91.726,91.747
1158,2023-05-09 00:17:44,91.7255,91.7465
1160,2023-05-09 00:17:46,91.726,91.747
1161,2023-05-09 00:17:47,91.723,91.744
1162,2023-05-09 00:17:50,91.721,91.742
1163,2023-05-09 00:17:51,91.722,91.743
1164,2023-05-09 00:17:52,91.723,91.744
1165,2023-05-09 00:17:53,91.722,91.743
1166,2023-05-09 00:18:00,91.722,91.743
1167,2023-05-09 00:18:04,91.723,91.744
1170,2023-05-09 00:18:07,91.722,91.743
1171,2023-05-09 00:18:08,91.72,91.741
1172,2023-05-09 00:18:11,91.721,91.742
1173,2023-05-09 00:18:12,91.722,91.743
1174,2023-05-09 00:18:15,91.7225,91.7435
1176,2023-05-09 00:18:17,91.721,91.742
1177,2023-05-09 00:18:18,91.719,91.74
1178,2023-05-09 00:18:19,91.72,91.741
1179,2023-05-09 00:18:27,91.719,91.74
1180,2023-05-09 00:18:28,91.7225,91.7435
1182,2023-05-09 00:18:32,91.7245,91.74549999999999
1184,2023-05-09 00:18:35,91.724,91.745
1185,2023-05-09 00:18:36,91.72200000000001,91.743
1187,2023-05-09 00:18:37,91.719,91.74
1188,2023-05-09 00:18:38,91.716,91.737
1189,2023-05-09 00:18:40,91.715,91.736
1190,2023-05-09 00:18:42,91.72,91.741
1191,2023-05-09 00:18:43,91.7195,91.7405
1193,2023-05-09 00:18:44,91.719,91.74
1194,2023-05-09 00:18:46,91.7145,91.7355
1196,2023-05-09 00:18:50,91.7145,91.7355
1198,2023-05-09 00:18:51,91.718,91.739
1199,2023-05-09 00:18:52,91.7195,91.7405
1201,2023-05-09 00:18:56,91.719,91.74
1202,2023-05-09 00:18:57,91.714,91.735
1203,2023-05-09 00:18:58,91.7125,91.73349999999999
1205,2023-05-09 00:19:00,91.713,91.734
1206,2023-05-09 00:19:01,91.71000000000001,91.731
1208,2023-05-09 00:19:03,91.707,91.728
1209,2023-05-09 00:19:05,91.706,91.727
1210,2023-05-09 00:19:07,91.707,91.728
1211,2023-05-09 00:19:08,91.706,91.727
1212,2023-05-09 00:19:09,91.708,91.729
1213,2023-05-09 00:19:10,91.705,91.726
1214,2023-05-09 00:19:14,91.706,91.727
1215,2023-05-09 00:19:17,91.7045,91.7255
1217,2023-05-09 00:19:18,91.7045,91.7255
1219,2023-05-09 00:19:19,91.702,91.723
1220,2023-05-09 00:19:20,91.701,91.722
1221,2023-05-09 00:19:22,91.702,91.723
1222,2023-05-09 00:19:23,91.703,91.724
1223,2023-05-09 00:19:27,91.704,91.725
1224,2023-05-09 00:19:28,91.703,91.724
1225,2023-05-09 00:19:30,91.7,91.721
1228,2023-05-09 00:19:31,91.6955,91.7165
1230,2023-05-09 00:19:32,91.694,91.715
1231,2023-05-09 00:19:35,91.693,91.714
1232,2023-05-09 00:19:36,91.687,91.708
1235,2023-05-09 00:19:37,91.688,91.709
1236,2023-05-09 00:19:38,91.686,91.707
1237,2023-05-09 00:19:39,91.688,91.709
1238,2023-05-09 00:19:40,91.694,91.715
1241,2023-05-09 00:19:41,91.695,91.71600000000001
1243,2023-05-09 00:19:42,91.698,91.719
1246,2023-05-09 00:19:43,91.697,91.718
1249,2023-05-09 00:19:44,91.697,91.718
1250,2023-05-09 00:19:46,91.696,91.717
1251,2023-05-09 00:19:47,91.697,91.718
1252,2023-05-09 00:19:48,91.696,91.717
1253,2023-05-09 00:19:50,91.698,91.719
1254,2023-05-09 00:19:52,91.696,91.717
1255,2023-05-09 00:19:54,91.695,91.716
1256,2023-05-09 00:19:58,91.701,91.722
1257,2023-05-09 00:19:59,91.6965,91.7175
1259,2023-05-09 00:20:00,91.694,91.715
1260,2023-05-09 00:20:02,91.693,91.714
1261,2023-05-09 00:20:03,91.692,91.713
1262,2023-05-09 00:20:04,91.695,91.716
1265,2023-05-09 00:20:05,91.697,91.718
1266,2023-05-09 00:20:06,91.698,91.719
1267,2023-05-09 00:20:07,91.701,91.72200000000001
1269,2023-05-09 00:20:08,91.703,91.724
1270,2023-05-09 00:20:11,91.704,91.725
1271,2023-05-09 00:20:16,91.701,91.722
1272,2023-05-09 00:20:19,91.69999999999999,91.721
1274,2023-05-09 00:20:20,91.702,91.723
1275,2023-05-09 00:20:21,91.699,91.72
1278,2023-05-09 00:20:23,91.698,91.719
1279,2023-05-09 00:20:25,91.697,91.718
1280,2023-05-09 00:20:28,91.698,91.719
1281,2023-05-09 00:20:32,91.697,91.718
1282,2023-05-09 00:20:34,91.698,91.719
1283,2023-05-09 00:20:35,91.697,91.718
1284,2023-05-09 00:20:37,91.699,91.72
1285,2023-05-09 00:20:41,91.701,91.722
1286,2023-05-09 00:20:42,91.702,91.723
1287,2023-05-09 00:20:43,91.70599999999999,91.727
1289,2023-05-09 00:20:44,91.703,91.724
1290,2023-05-09 00:20:45,91.704,91.725
1291,2023-05-09 00:20:48,91.703,91.724
1292,2023-05-09 00:20:50,91.704,91.725
1293,2023-05-09 00:20:51,91.7065,91.72749999999999
1295,2023-05-09 00:20:53,91.708,91.729
1296,2023-05-09 00:20:56,91.709,91.73
1297,2023-05-09 00:21:00,91.7115,91.7325
1299,2023-05-09 00:21:01,91.717,91.738
1302,2023-05-09 00:21:03,91.718,91.739
1303,2023-05-09 00:21:07,91.717,91.738
1304,2023-05-09 00:21:08,91.716,91.737
1305,2023-05-09 00:21:09,91.717,91.738
1306,2023-05-09 00:21:12,91.718,91.739
1307,2023-05-09 00:21:14,91.717,91.738
1308,2023-05-09 00:21:15,91.7205,91.7415
1310,2023-05-09 00:21:16,91.716,91.737
1311,2023-05-09 00:21:17,91.717,91.738
1312,2023-05-09 00:21:20,91.71799999999999,91.739
1314,2023-05-09 00:21:22,91.7185,91.73949999999999
1316,2023-05-09 00:21:23,91.721,91.742
1317,2023-05-09 00:21:24,91.717,91.738
1318,2023-05-09 00:21:26,91.718,91.739
1319,2023-05-09 00:21:28,91.717,91.738
1320,2023-05-09 00:21:31,91.719,91.74
1321,2023-05-09 00:21:36,91.7165,91.7375
1323,2023-05-09 00:21:37,91.7175,91.7385
1325,2023-05-09 00:21:40,91.717,91.738
1326,2023-05-09 00:21:44,91.715,91.736
1327,2023-05-09 00:21:49,91.718,91.739
1328,2023-05-09 00:21:51,91.717,91.738
1329,2023-05-09 00:21:54,91.718,91.739
1330,2023-05-09 00:21:55,91.717,91.738
1331,2023-05-09 00:21:56,91.718,91.739
1332,2023-05-09 00:21:57,91.717,91.738
1333,2023-05-09 00:22:00,91.71600000000001,91.737
1335,2023-05-09 00:22:01,91.714,91.735
1336,2023-05-09 00:22:02,91.713,91.734
1337,2023-05-09 00:22:03,91.711,91.732
1338,2023-05-09 00:22:07,91.71,91.731
1339,2023-05-09 00:22:10,91.70949999999999,91.7305
1341,2023-05-09 00:22:11,91.709,91.73
1342,2023-05-09 00:22:12,91.707,91.728
1343,2023-05-09 00:22:13,91.708,91.729
1344,2023-05-09 00:22:14,91.709,91.73
1345,2023-05-09 00:22:16,91.7085,91.7295
1347,2023-05-09 00:22:20,91.711,91.732
1350,2023-05-09 00:22:21,91.711,91.732
1351,2023-05-09 00:22:26,91.713,91.734
1352,2023-05-09 00:22:27,91.71549999999999,91.7365
1354,2023-05-09 00:22:28,91.717,91.738
1355,2023-05-09 00:22:30,91.719,91.74
1356,2023-05-09 00:22:31,91.716,91.737
1359,2023-05-09 00:22:37,91.7135,91.7345
1361,2023-05-09 00:22:41,91.714,91.735
1364,2023-05-09 00:22:45,91.715,91.736
1365,2023-05-09 00:22:46,91.714,91.735
1366,2023-05-09 00:22:47,91.708,91.729
1369,2023-05-09 00:22:49,91.708,91.729
1370,2023-05-09 00:22:51,91.706,91.727
1371,2023-05-09 00:22:52,91.7065,91.72749999999999
1373,2023-05-09 00:22:53,91.707,91.728
1374,2023-05-09 00:22:55,91.708,91.729
1375,2023-05-09 00:22:57,91.7075,91.7285
1377,2023-05-09 00:22:58,91.7075,91.7285
1379,2023-05-09 00:23:00,91.707,91.728
1380,2023-05-09 00:23:07,91.708,91.729
1381,2023-05-09 00:23:08,91.708,91.729
1384,2023-05-09 00:23:10,91.7085,91.7295
1386,2023-05-09 00:23:11,91.711,91.732
1387,2023-05-09 00:23:13,91.7125,91.73349999999999
1391,2023-05-09 00:23:14,91.708,91.729
1394,2023-05-09 00:23:16,91.707,91.728
1395,2023-05-09 00:23:17,91.708,91.729
1396,2023-05-09 00:23:19,91.71000000000001,91.731
1398,2023-05-09 00:23:21,91.716,91.737
1399,2023-05-09 00:23:22,91.7135,91.7345
1401,2023-05-09 00:23:23,91.714,91.735
1402,2023-05-09 00:23:26,91.716,91.737
1403,2023-05-09 00:23:27,91.7135,91.7345
1405,2023-05-09 00:23:29,91.71,91.731
1406,2023-05-09 00:23:30,91.7075,91.7285
1408,2023-05-09 00:23:33,91.71000000000001,91.731
1410,2023-05-09 00:23:34,91.71,91.731
1411,2023-05-09 00:23:36,91.709,91.73
1412,2023-05-09 00:23:37,91.711,91.732
1413,2023-05-09 00:23:38,91.71,91.731
1414,2023-05-09 00:23:40,91.709,91.73
1415,2023-05-09 00:23:42,91.71,91.731
1416,2023-05-09 00:23:45,91.70949999999999,91.7305
1418,2023-05-09 00:23:46,91.709,91.73
1419,2023-05-09 00:23:47,91.71,91.731
1420,2023-05-09 00:23:48,91.709,91.73
1421,2023-05-09 00:23:50,91.71,91.731
1422,2023-05-09 00:23:51,91.7055,91.7265
1424,2023-05-09 00:23:53,91.706,91.727
1425,2023-05-09 00:23:55,91.71,91.731
1426,2023-05-09 00:23:56,91.707,91.728
1427,2023-05-09 00:24:00,91.707,91.728
1430,2023-05-09 00:24:01,91.708,91.729
1431,2023-05-09 00:24:02,91.708,91.729
1433,2023-05-09 00:24:03,91.7075,91.7285
1435,2023-05-09 00:24:06,91.705,91.726
1437,2023-05-09 00:24:07,91.7,91.721
1438,2023-05-09 00:24:08,91.699,91.72
1439,2023-05-09 00:24:09,91.7005,91.72149999999999
1441,2023-05-09 00:24:11,91.7,91.721
1442,2023-05-09 00:24:13,91.699,91.72
1443,2023-05-09 00:24:15,91.7,91.721
1444,2023-05-09 00:24:16,91.699,91.72
1445,2023-05-09 00:24:17,91.702,91.723
1446,2023-05-09 00:24:18,91.699,91.72
1447,2023-05-09 00:24:21,91.7,91.721
1448,2023-05-09 00:24:22,91.702,91.723
1449,2023-05-09 00:24:23,91.69999999999999,91.721
1451,2023-05-09 00:24:26,91.698,91.719
1452,2023-05-09 00:24:27,91.699,91.72
1453,2023-05-09 00:24:28,91.7,91.721
1456,2023-05-09 00:24:29,91.699,91.72
1457,2023-05-09 00:24:31,91.7045,91.7255
1459,2023-05-09 00:24:32,91.702,91.723
1462,2023-05-09 00:24:33,91.7015,91.7225
1464,2023-05-09 00:24:34,91.703,91.724
1465,2023-05-09 00:24:35,91.7005,91.72149999999999
1467,2023-05-09 00:24:37,91.704,91.725
1468,2023-05-09 00:24:38,91.705,91.726
1469,2023-05-09 00:24:39,91.706,91.727
1470,2023-05-09 00:24:41,91.705,91.726
1471,2023-05-09 00:24:42,91.706,91.727
1472,2023-05-09 00:24:50,91.707,91.728
1473,2023-05-09 00:24:51,91.706,91.727
1474,2023-05-09 00:24:52,91.707,91.728
1475,2023-05-09 00:24:54,91.706,91.727
1476,2023-05-09 00:24:59,91.709,91.73
1477,2023-05-09 00:25:00,91.709,91.73
1478,2023-05-09 00:25:01,91.7055,91.7265
1480,2023-05-09 00:25:04,91.704,91.725
1481,2023-05-09 00:25:06,91.703,91.724
1482,2023-05-09 00:25:07,91.705,91.726
1483,2023-05-09 00:25:08,91.71,91.731
1484,2023-05-09 00:25:09,91.707,91.728
1485,2023-05-09 00:25:11,91.706,91.727
1486,2023-05-09 00:25:13,91.703,91.72399999999999
1488,2023-05-09 00:25:14,91.703,91.724
1491,2023-05-09 00:25:15,91.704,91.725
1492,2023-05-09 00:25:16,91.7025,91.7235
1494,2023-05-09 00:25:17,91.6985,91.7195
1496,2023-05-09 00:25:18,91.6995,91.7205
1498,2023-05-09 00:25:19,91.7,91.721
1499,2023-05-09 00:25:23,91.70349999999999,91.7245
1501,2023-05-09 00:25:26,91.702,91.723
1502,2023-05-09 00:25:27,91.703,91.724
1503,2023-05-09 00:25:28,91.701,91.722
1504,2023-05-09 00:25:32,91.7,91.721
1505,2023-05-09 00:25:34,91.702,91.723
1506,2023-05-09 00:25:41,91.7,91.721
1507,2023-05-09 00:25:44,91.701,91.722
1508,2023-05-09 00:25:45,91.702,91.723
1509,2023-05-09 00:25:46,91.7,91.721
1510,2023-05-09 00:25:48,91.703,91.724
1513,2023-05-09 00:25:49,91.703,91.724
1516,2023-05-09 00:25:50,91.7025,91.7235
1518,2023-05-09 00:25:51,91.705,91.726
1520,2023-05-09 00:25:53,91.7075,91.7285
1522,2023-05-09 00:25:56,91.705,91.726
1523,2023-05-09 00:25:57,91.704,91.725
1524,2023-05-09 00:26:00,91.707,91.728
1525,2023-05-09 00:26:01,91.705,91.726
1526,2023-05-09 00:26:07,91.706,91.727
1527,2023-05-09 00:26:09,91.7075,91.7285
1529,2023-05-09 00:26:10,91.7045,91.72550000000001
1531,2023-05-09 00:26:12,91.705,91.726
1534,2023-05-09 00:26:13,91.707,91.72800000000001
1536,2023-05-09 00:26:14,91.70849999999999,91.7295
1538,2023-05-09 00:26:15,91.7075,91.7285
1540,2023-05-09 00:26:19,91.708,91.729
1541,2023-05-09 00:26:20,91.7065,91.72749999999999
1543,2023-05-09 00:26:22,91.707,91.728
1544,2023-05-09 00:26:24,91.706,91.727
1545,2023-05-09 00:26:29,91.705,91.726
1546,2023-05-09 00:26:30,91.701,91.722
1549,2023-05-09 00:26:34,91.704,91.725
1550,2023-05-09 00:26:36,91.697,91.718
1551,2023-05-09 00:26:37,91.698,91.719
1552,2023-05-09 00:26:38,91.697,91.718
1553,2023-05-09 00:26:39,91.694,91.715
1554,2023-05-09 00:26:40,91.693,91.714
1555,2023-05-09 00:26:41,91.693,91.714
1558,2023-05-09 00:26:42,91.69149999999999,91.7125
1560,2023-05-09 00:26:43,91.694,91.715
1561,2023-05-09 00:26:46,91.689,91.71
1562,2023-05-09 00:26:47,91.687,91.708
1565,2023-05-09 00:26:48,91.685,91.706
1566,2023-05-09 00:26:49,91.687,91.708
1567,2023-05-09 00:26:50,91.688,91.709
1568,2023-05-09 00:26:51,91.69,91.711
1571,2023-05-09 00:26:52,91.692,91.713
1572,2023-05-09 00:26:53,91.693,91.714
1573,2023-05-09 00:26:55,91.692,91.713
1574,2023-05-09 00:26:56,91.693,91.714
1577,2023-05-09 00:26:57,91.692,91.713
1578,2023-05-09 00:27:00,91.692,91.713
1579,2023-05-09 00:27:01,91.693,91.714
1580,2023-05-09 00:27:02,91.692,91.713
1581,2023-05-09 00:27:03,91.694,91.715
1582,2023-05-09 00:27:04,91.6935,91.7145
1584,2023-05-09 00:27:05,91.693,91.714
1585,2023-05-09 00:27:06,91.692,91.713
1586,2023-05-09 00:27:08,91.69399999999999,91.715
1588,2023-05-09 00:27:09,91.693,91.714
1590,2023-05-09 00:27:13,91.691,91.712
1591,2023-05-09 00:27:15,91.692,91.713
1592,2023-05-09 00:27:16,91.69149999999999,91.7125
1594,2023-05-09 00:27:21,91.693,91.714
1595,2023-05-09 00:27:22,91.692,91.713
1596,2023-05-09 00:27:26,91.693,91.714
1597,2023-05-09 00:27:31,91.695,91.71600000000001
1599,2023-05-09 00:27:32,91.6945,91.71549999999999
1601,2023-05-09 00:27:35,91.6965,91.7175
1603,2023-05-09 00:27:37,91.697,91.718
1604,2023-05-09 00:27:38,91.696,91.717
1607,2023-05-09 00:27:41,91.697,91.718
1608,2023-05-09 00:27:42,91.6965,91.7175
1610,2023-05-09 00:27:55,91.7005,91.72149999999999
1612,2023-05-09 00:27:57,91.70150000000001,91.7225
1614,2023-05-09 00:27:59,91.699,91.72
1615,2023-05-09 00:28:00,91.699,91.72
1616,2023-05-09 00:28:05,91.698,91.719
1617,2023-05-09 00:28:08,91.699,91.72
1618,2023-05-09 00:28:11,91.696,91.717
1620,2023-05-09 00:28:12,91.693,91.714
1621,2023-05-09 00:28:13,91.695,91.716
1622,2023-05-09 00:28:14,91.695,91.71600000000001
1624,2023-05-09 00:28:15,91.693,91.714
1625,2023-05-09 00:28:16,91.6945,91.71549999999999
1627,2023-05-09 00:28:17,91.697,91.718
1630,2023-05-09 00:28:21,91.699,91.72
1631,2023-05-09 00:28:22,91.6985,91.71950000000001
1633,2023-05-09 00:28:23,91.703,91.724
1634,2023-05-09 00:28:24,91.704,91.725
1635,2023-05-09 00:28:25,91.709,91.73
1636,2023-05-09 00:28:26,91.7115,91.7325
1638,2023-05-09 00:28:28,91.7125,91.73349999999999
1640,2023-05-09 00:28:30,91.713,91.734
1641,2023-05-09 00:28:32,91.712,91.733
1642,2023-05-09 00:28:35,91.711,91.732
1643,2023-05-09 00:28:36,91.713,91.734
1644,2023-05-09 00:28:39,91.712,91.733
1645,2023-05-09 00:28:42,91.711,91.732
1646,2023-05-09 00:28:43,91.7125,91.73349999999999
1648,2023-05-09 00:28:46,91.712,91.733
1649,2023-05-09 00:28:47,91.713,91.734
1650,2023-05-09 00:28:49,91.712,91.733
1651,2023-05-09 00:29:00,91.7125,91.73349999999999
1653,2023-05-09 00:29:03,91.715,91.736
1654,2023-05-09 00:29:11,91.721,91.742
1655,2023-05-09 00:29:12,91.72,91.741
1656,2023-05-09 00:29:13,91.721,91.742
1657,2023-05-09 00:29:15,91.72,91.741
1658,2023-05-09 00:29:19,91.721,91.742
1659,2023-05-09 00:29:20,91.7235,91.7445
1661,2023-05-09 00:29:21,91.727,91.748
1662,2023-05-09 00:29:22,91.723,91.744
1664,2023-05-09 00:29:23,91.721,91.742
1665,2023-05-09 00:29:24,91.722,91.743
1666,2023-05-09 00:29:25,91.721,91.742
1667,2023-05-09 00:29:27,91.722,91.743
1668,2023-05-09 00:29:30,91.723,91.744
1669,2023-05-09 00:29:38,91.725,91.746
1672,2023-05-09 00:29:39,91.725,91.746
1675,2023-05-09 00:29:43,91.724,91.745
1676,2023-05-09 00:29:44,91.725,91.746
1677,2023-05-09 00:29:45,91.726,91.747
1678,2023-05-09 00:29:46,91.725,91.746
1679,2023-05-09 00:29:47,91.724,91.745
1680,2023-05-09 00:29:52,91.723,91.744
1681,2023-05-09 00:29:53,91.7205,91.7415
1683,2023-05-09 00:29:55,91.719,91.74
1684,2023-05-09 00:29:57,91.718,91.739
1685,2023-05-09 00:29:59,91.71799999999999,91.739
1687,2023-05-09 00:30:00,91.714,91.735
1690,2023-05-09 00:30:01,91.71549999999999,91.7365
1692,2023-05-09 00:30:02,91.718,91.739
1693,2023-05-09 00:30:03,91.719,91.74
1694,2023-05-09 00:30:07,91.716,91.737
1695,2023-05-09 00:30:08,91.712,91.733
1698,2023-05-09 00:30:09,91.7065,91.72749999999999
1700,2023-05-09 00:30:10,91.7045,91.7255
1702,2023-05-09 00:30:11,91.7055,91.72649999999999
1704,2023-05-09 00:30:12,91.70400000000001,91.725
1706,2023-05-09 00:30:13,91.7015,91.7225
1708,2023-05-09 00:30:14,91.699,91.72
1709,2023-05-09 00:30:15,91.699,91.72
1712,2023-05-09 00:30:19,91.693,91.714
1714,2023-05-09 00:30:20,91.693,91.714
1715,2023-05-09 00:30:21,91.693,91.714
1717,2023-05-09 00:30:23,91.695,91.716
1718,2023-05-09 00:30:24,91.7,91.721
1721,2023-05-09 00:30:25,91.6985,91.7195
1723,2023-05-09 00:30:26,91.696,91.717
1726,2023-05-09 00:30:27,91.697,91.718
1727,2023-05-09 00:30:29,91.698,91.719
1728,2023-05-09 00:30:30,91.6995,91.7205
1730,2023-05-09 00:30:31,91.7025,91.7235
1732,2023-05-09 00:30:33,91.7045,91.7255
1734,2023-05-09 00:30:40,91.706,91.727
1735,2023-05-09 00:30:54,91.705,91.726
1736,2023-05-09 00:30:55,91.706,91.727
1737,2023-05-09 00:31:00,91.706,91.727
1738,2023-05-09 00:31:01,91.7065,91.72749999999999
1740,2023-05-09 00:31:02,91.705,91.726
1741,2023-05-09 00:31:03,91.7065,91.72749999999999
1743,2023-05-09 00:31:05,91.705,91.726
1746,2023-05-09 00:31:06,91.706,91.727
1747,2023-05-09 00:31:09,91.707,91.728
1748,2023-05-09 00:31:10,91.707,91.728
1751,2023-05-09 00:31:13,91.705,91.726
1752,2023-05-09 00:31:14,91.709,91.72999999999999
1756,2023-05-09 00:31:15,91.712,91.733
1757,2023-05-09 00:31:16,91.715,91.736
1760,2023-05-09 00:31:19,91.7125,91.73349999999999
1762,2023-05-09 00:31:22,91.713,91.734
1763,2023-05-09 00:31:23,91.712,91.733
1764,2023-05-09 00:31:35,91.713,91.734
1765,2023-05-09 00:31:41,91.705,91.726
1766,2023-05-09 00:31:42,91.705,91.726
1768,2023-05-09 00:31:43,91.705,91.726
1769,2023-05-09 00:31:45,91.704,91.725
1770,2023-05-09 00:31:46,91.704,91.725
1773,2023-05-09 00:31:49,91.704,91.725
1774,2023-05-09 00:31:50,91.7025,91.7235
1776,2023-05-09 00:31:51,91.70249999999999,91.7235
1778,2023-05-09 00:31:52,91.703,91.724
1779,2023-05-09 00:31:54,91.701,91.722
1782,2023-05-09 00:31:57,91.6935,91.7145
1784,2023-05-09 00:31:58,91.692,91.713
1785,2023-05-09 00:31:59,91.691,91.712
1786,2023-05-09 00:32:00,91.69149999999999,91.7125
1788,2023-05-09 00:32:01,91.69,91.711
1789,2023-05-09 00:32:02,91.692,91.713
1790,2023-05-09 00:32:03,91.693,91.714
1791,2023-05-09 00:32:04,91.691,91.712
1792,2023-05-09 00:32:05,91.693,91.714
1793,2023-05-09 00:32:06,91.691,91.712
1794,2023-05-09 00:32:07,91.69,91.711
1797,2023-05-09 00:32:08,91.691,91.712
1798,2023-05-09 00:32:09,91.69,91.711
1799,2023-05-09 00:32:10,91.692,91.713
1800,2023-05-09 00:32:16,91.693,91.714
1801,2023-05-09 00:32:20,91.692,91.713
1802,2023-05-09 00:32:24,91.691,91.712
1803,2023-05-09 00:32:25,91.686,91.707
1806,2023-05-09 00:32:26,91.686,91.707
1807,2023-05-09 00:32:28,91.685,91.706
1808,2023-05-09 00:32:33,91.686,91.707
1809,2023-05-09 00:32:34,91.69,91.711
1810,2023-05-09 00:32:35,91.691,91.712
1811,2023-05-09 00:32:41,91.688,91.709
1812,2023-05-09 00:32:43,91.687,91.708
1813,2023-05-09 00:32:47,91.689,91.71
1814,2023-05-09 00:32:50,91.688,91.709
1815,2023-05-09 00:32:53,91.689,91.71
1816,2023-05-09 00:32:54,91.69,91.711
1817,2023-05-09 00:32:55,91.689,91.71
1818,2023-05-09 00:32:59,91.69,91.711
1819,2023-05-09 00:33:00,91.69,91.711
1820,2023-05-09 00:33:01,91.68,91.701
1823,2023-05-09 00:33:02,91.6845,91.7055
1825,2023-05-09 00:33:04,91.686,91.707
1826,2023-05-09 00:33:05,91.685,91.706
1827,2023-05-09 00:33:07,91.686,91.707
1828,2023-05-09 00:33:09,91.6845,91.7055
1830,2023-05-09 00:33:10,91.679,91.69999999999999
1832,2023-05-09 00:33:11,91.6765,91.69749999999999
1834,2023-05-09 00:33:12,91.679,91.7
1835,2023-05-09 00:33:13,91.6805,91.7015
1837,2023-05-09 00:33:16,91.676,91.697
1838,2023-05-09 00:33:19,91.678,91.699
1839,2023-05-09 00:33:20,91.679,91.7
1840,2023-05-09 00:33:25,91.677,91.698
1841,2023-05-09 00:33:28,91.6785,91.6995
1843,2023-05-09 00:33:30,91.679,91.7
1844,2023-05-09 00:33:35,91.6805,91.7015
1846,2023-05-09 00:33:36,91.68,91.701
1847,2023-05-09 00:33:37,91.677,91.698
1848,2023-05-09 00:33:38,91.6725,91.6935
1850,2023-05-09 00:33:39,91.6695,91.6905
1852,2023-05-09 00:33:40,91.673,91.69399999999999
1854,2023-05-09 00:33:41,91.674,91.695
1855,2023-05-09 00:33:42,91.676,91.697
1856,2023-05-09 00:33:43,91.675,91.696
1857,2023-05-09 00:33:44,91.67750000000001,91.6985
1859,2023-05-09 00:33:45,91.677,91.698
1860,2023-05-09 00:33:46,91.676,91.697
1861,2023-05-09 00:33:47,91.67,91.691
1864,2023-05-09 00:33:49,91.668,91.689
1865,2023-05-09 00:33:50,91.673,91.694
1866,2023-05-09 00:33:56,91.672,91.693
1867,2023-05-09 00:33:58,91.673,91.694
1868,2023-05-09 00:34:00,91.673,91.694
1869,2023-05-09 00:34:06,91.67099999999999,91.69200000000001
1871,2023-05-09 00:34:07,91.673,91.694
1872,2023-05-09 00:34:09,91.671,91.692
1873,2023-05-09 00:34:16,91.677,91.698
1876,2023-05-09 00:34:18,91.674,91.695
1877,2023-05-09 00:34:19,91.673,91.694
1878,2023-05-09 00:34:23,91.677,91.698
1879,2023-05-09 00:34:24,91.676,91.697
1881,2023-05-09 00:34:28,91.678,91.699
1882,2023-05-09 00:34:30,91.6745,91.6955
1884,2023-05-09 00:34:32,91.6765,91.69749999999999
1886,2023-05-09 00:34:34,91.676,91.697
1887,2023-05-09 00:34:36,91.6755,91.6965
1889,2023-05-09 00:34:38,91.677,91.698
1890,2023-05-09 00:34:42,91.674,91.695
1891,2023-05-09 00:34:47,91.67150000000001,91.6925
1893,2023-05-09 00:34:49,91.671,91.692
1894,2023-05-09 00:34:54,91.673,91.694
1895,2023-05-09 00:34:56,91.669,91.69
1896,2023-05-09 00:34:57,91.67,91.691
1897,2023-05-09 00:35:00,91.67,91.691
1898,2023-05-09 00:35:05,91.67,91.691
1901,2023-05-09 00:35:06,91.669,91.69
1902,2023-05-09 00:35:07,91.669,91.69
1905,2023-05-09 00:35:08,91.668,91.689
1908,2023-05-09 00:35:09,91.667,91.688
1909,2023-05-09 00:35:14,91.663,91.684
1910,2023-05-09 00:35:16,91.664,91.685
1911,2023-05-09 00:35:17,91.66550000000001,91.6865
1913,2023-05-09 00:35:18,91.665,91.686
1914,2023-05-09 00:35:20,91.666,91.687
1915,2023-05-09 00:35:21,91.665,91.686
1916,2023-05-09 00:35:23,91.666,91.687
1917,2023-05-09 00:35:28,91.665,91.686
1918,2023-05-09 00:35:34,91.663,91.684
1919,2023-05-09 00:35:35,91.664,91.685
1922,2023-05-09 00:35:37,91.665,91.686
1923,2023-05-09 00:35:38,91.666,91.687
1926,2023-05-09 00:35:41,91.664,91.685
1927,2023-05-09 00:35:42,91.665,91.686
1928,2023-05-09 00:35:45,91.666,91.687
1929,2023-05-09 00:35:56,91.665,91.686
1930,2023-05-09 00:35:57,91.662,91.683
1931,2023-05-09 00:35:58,91.661,91.682
1932,2023-05-09 00:36:00,91.661,91.682
1933,2023-05-09 00:36:01,91.6615,91.6825
1935,2023-05-09 00:36:03,91.66,91.681
1936,2023-05-09 00:36:06,91.663,91.684
1939,2023-05-09 00:36:07,91.663,91.684
1940,2023-05-09 00:36:09,91.662,91.683
1941,2023-05-09 00:36:12,91.6605,91.6815
1943,2023-05-09 00:36:17,91.661,91.682
1944,2023-05-09 00:36:19,91.662,91.683
1945,2023-05-09 00:36:23,91.663,91.684
1946,2023-05-09 00:36:24,91.662,91.683
1947,2023-05-09 00:36:25,91.661,91.682
1948,2023-05-09 00:36:26,91.66,91.681
1949,2023-05-09 00:36:27,91.662,91.683
1950,2023-05-09 00:36:29,91.66,91.681
1951,2023-05-09 00:36:30,91.6565,91.67750000000001
1953,2023-05-09 00:36:32,91.6565,91.67750000000001
1955,2023-05-09 00:36:33,91.6565,91.67750000000001
1957,2023-05-09 00:36:40,91.655,91.676
1958,2023-05-09 00:36:41,91.656,91.677
1961,2023-05-09 00:36:42,91.655,91.676
1962,2023-05-09 00:36:44,91.654,91.675
1963,2023-05-09 00:36:45,91.653,91.674
1964,2023-05-09 00:36:52,91.654,91.675
1965,2023-05-09 00:36:56,91.653,91.674
1966,2023-05-09 00:36:57,91.6545,91.6755
1968,2023-05-09 00:36:59,91.65350000000001,91.6745
1970,2023-05-09 00:37:00,91.653,91.674
1971,2023-05-09 00:37:04,91.65100000000001,91.672
1973,2023-05-09 00:37:05,91.6505,91.67150000000001
1975,2023-05-09 00:37:08,91.653,91.674
1976,2023-05-09 00:37:15,91.654,91.675
1977,2023-05-09 00:37:20,91.653,91.674
1978,2023-05-09 00:37:23,91.65350000000001,91.6745
1980,2023-05-09 00:37:24,91.654,91.675
1981,2023-05-09 00:37:27,91.657,91.678
1982,2023-05-09 00:37:28,91.659,91.68
1985,2023-05-09 00:37:29,91.658,91.679
1986,2023-05-09 00:37:30,91.66,91.681
1987,2023-05-09 00:37:31,91.659,91.68
1988,2023-05-09 00:37:32,91.662,91.683
1991,2023-05-09 00:37:33,91.66,91.681
1992,2023-05-09 00:37:35,91.659,91.68
1993,2023-05-09 00:37:37,91.658,91.679
1994,2023-05-09 00:37:39,91.657,91.678
1995,2023-05-09 00:37:40,91.657,91.678
1998,2023-05-09 00:37:41,91.654,91.675
1999,2023-05-09 00:37:42,91.655,91.676
2000,2023-05-09 00:37:44,91.654,91.675
2001,2023-05-09 00:37:47,91.651,91.672
2002,2023-05-09 00:37:48,91.6455,91.6665
2006,2023-05-09 00:37:49,91.646,91.667
2007,2023-05-09 00:37:51,91.6455,91.6665
2009,2023-05-09 00:37:52,91.647,91.668
2010,2023-05-09 00:37:53,91.6455,91.6665
2012,2023-05-09 00:37:55,91.6465,91.6675
2014,2023-05-09 00:37:58,91.647,91.668
2015,2023-05-09 00:37:59,91.644,91.665
2016,2023-05-09 00:38:00,91.644,91.665
2017,2023-05-09 00:38:01,91.6395,91.6605
2019,2023-05-09 00:38:02,91.638,91.659
2022,2023-05-09 00:38:03,91.6375,91.6585
2024,2023-05-09 00:38:07,91.6395,91.6605
2026,2023-05-09 00:38:08,91.639,91.66
2027,2023-05-09 00:38:10,91.64,91.661
2028,2023-05-09 00:38:13,91.639,91.66
2029,2023-05-09 00:38:14,91.643,91.664
2030,2023-05-09 00:38:15,91.647,91.668
2031,2023-05-09 00:38:17,91.645,91.666
2032,2023-05-09 00:38:18,91.6445,91.66550000000001
2034,2023-05-09 00:38:19,91.6465,91.6675
2036,2023-05-09 00:38:24,91.6465,91.6675
2038,2023-05-09 00:38:25,91.647,91.668
2039,2023-05-09 00:38:28,91.649,91.67
2040,2023-05-09 00:38:37,91.648,91.669
2041,2023-05-09 00:38:38,91.649,91.67
2044,2023-05-09 00:38:39,91.647,91.668
2045,2023-05-09 00:38:41,91.6485,91.6695
2047,2023-05-09 00:38:43,91.647,91.668
2048,2023-05-09 00:38:47,91.648,91.669
2049,2023-05-09 00:38:48,91.647,91.668
2050,2023-05-09 00:38:50,91.64750000000001,91.6685
2052,2023-05-09 00:38:54,91.648,91.669
2053,2023-05-09 00:38:55,91.64500000000001,91.666
2055,2023-05-09 00:39:00,91.6435,91.6645
2057,2023-05-09 00:39:01,91.6405,91.6615
2059,2023-05-09 00:39:02,91.638,91.65899999999999
2061,2023-05-09 00:39:05,91.638,91.659
2062,2023-05-09 00:39:06,91.6375,91.6585
2064,2023-05-09 00:39:07,91.636,91.65700000000001
2066,2023-05-09 00:39:09,91.636,91.657
2067,2023-05-09 00:39:13,91.638,91.659
2068,2023-05-09 00:39:14,91.6335,91.6545
2070,2023-05-09 00:39:15,91.6345,91.6555
2072,2023-05-09 00:39:18,91.634,91.655
2073,2023-05-09 00:39:19,91.635,91.656
2076,2023-05-09 00:39:21,91.636,91.657
2077,2023-05-09 00:39:23,91.638,91.65899999999999
2079,2023-05-09 00:39:24,91.637,91.658
2080,2023-05-09 00:39:25,91.6395,91.66050000000001
2082,2023-05-09 00:39:26,91.642,91.663
2083,2023-05-09 00:39:27,91.645,91.666
2084,2023-05-09 00:39:30,91.64,91.661
2085,2023-05-09 00:39:31,91.641,91.662
2086,2023-05-09 00:39:32,91.64,91.661
2087,2023-05-09 00:39:33,91.641,91.662
2088,2023-05-09 00:39:34,91.64,91.661
2089,2023-05-09 00:39:37,91.64,91.661
2092,2023-05-09 00:39:38,91.6385,91.65950000000001
2094,2023-05-09 00:39:39,91.638,91.659
2095,2023-05-09 00:39:40,91.637,91.658
2098,2023-05-09 00:39:41,91.638,91.659
2099,2023-05-09 00:39:43,91.639,91.66
2100,2023-05-09 00:39:49,91.638,91.659
2101,2023-05-09 00:39:50,91.639,91.66
2102,2023-05-09 00:39:52,91.64,91.661
2103,2023-05-09 00:39:55,91.64150000000001,91.6625
2107,2023-05-09 00:39:57,91.642,91.663
2108,2023-05-09 00:40:00,91.643,91.664
2109,2023-05-09 00:40:02,91.644,91.66499999999999
2111,2023-05-09 00:40:03,91.6405,91.6615
2113,2023-05-09 00:40:04,91.639,91.66
2114,2023-05-09 00:40:08,91.641,91.662
2115,2023-05-09 00:40:09,91.64,91.661
2116,2023-05-09 00:40:10,91.63650000000001,91.6575
2118,2023-05-09 00:40:11,91.6335,91.6545
2122,2023-05-09 00:40:12,91.6335,91.6545
2124,2023-05-09 00:40:13,91.635,91.656
2125,2023-05-09 00:40:15,91.636,91.657
2126,2023-05-09 00:40:16,91.637,91.658
2128,2023-05-09 00:40:18,91.637,91.658
2129,2023-05-09 00:40:19,91.6365,91.6575
2131,2023-05-09 00:40:25,91.6365,91.6575
2133,2023-05-09 00:40:26,91.636,91.657
2134,2023-05-09 00:40:32,91.637,91.658
2135,2023-05-09 00:40:33,91.636,91.657
2136,2023-05-09 00:40:35,91.637,91.658
2137,2023-05-09 00:40:36,91.636,91.657
2138,2023-05-09 00:40:37,91.6385,91.65950000000001
2140,2023-05-09 00:40:38,91.642,91.663
2141,2023-05-09 00:40:39,91.639,91.66
2142,2023-05-09 00:40:42,91.64,91.661
2143,2023-05-09 00:40:43,91.639,91.66
2144,2023-05-09 00:40:45,91.64,91.661
2145,2023-05-09 00:40:49,91.639,91.66
2146,2023-05-09 00:40:50,91.637,91.658
2147,2023-05-09 00:40:51,91.6365,91.6575
2149,2023-05-09 00:40:52,91.635,91.656
2150,2023-05-09 00:40:53,91.636,91.657
2151,2023-05-09 00:41:00,91.631,91.652
2152,2023-05-09 00:41:02,91.63,91.651
2153,2023-05-09 00:41:09,91.631,91.652
2154,2023-05-09 00:41:17,91.623,91.644
2155,2023-05-09 00:41:18,91.622,91.643
2156,2023-05-09 00:41:19,91.618,91.639
2157,2023-05-09 00:41:20,91.617,91.638
2160,2023-05-09 00:41:21,91.62,91.64099999999999
2162,2023-05-09 00:41:22,91.6225,91.6435
2164,2023-05-09 00:41:23,91.6235,91.6445
2166,2023-05-09 00:41:27,91.623,91.644
2167,2023-05-09 00:41:30,91.616,91.637
2168,2023-05-09 00:41:31,91.6175,91.6385
2170,2023-05-09 00:41:35,91.618,91.639
2171,2023-05-09 00:41:37,91.617,91.638
2172,2023-05-09 00:41:38,91.6175,91.6385
2174,2023-05-09 00:41:40,91.618,91.639
2175,2023-05-09 00:41:42,91.618,91.63900000000001
2177,2023-05-09 00:41:43,91.616,91.637
2178,2023-05-09 00:41:46,91.618,91.639
2179,2023-05-09 00:41:48,91.619,91.64
2180,2023-05-09 00:41:49,91.6225,91.6435
2182,2023-05-09 00:41:53,91.624,91.645
2183,2023-05-09 00:41:54,91.623,91.644
2184,2023-05-09 00:41:58,91.624,91.645
2185,2023-05-09 00:41:59,91.6255,91.6465
2187,2023-05-09 00:42:00,91.6245,91.6455
2189,2023-05-09 00:42:04,91.627,91.648
2190,2023-05-09 00:42:09,91.6285,91.6495
2192,2023-05-09 00:42:10,91.628,91.649
2193,2023-05-09 00:42:11,91.629,91.65
2194,2023-05-09 00:42:13,91.63,91.651
2195,2023-05-09 00:42:14,91.633,91.654
2196,2023-05-09 00:42:17,91.635,91.656
2197,2023-05-09 00:42:18,91.636,91.657
2198,2023-05-09 00:42:25,91.635,91.656
2199,2023-05-09 00:42:27,91.636,91.657
2200,2023-05-09 00:42:28,91.6395,91.66050000000001
2202,2023-05-09 00:42:32,91.642,91.663
2203,2023-05-09 00:42:33,91.641,91.662
2204,2023-05-09 00:42:39,91.6425,91.6635
2206,2023-05-09 00:42:41,91.6455,91.6665
2208,2023-05-09 00:42:42,91.645,91.666
2209,2023-05-09 00:42:43,91.643,91.664
2210,2023-05-09 00:42:44,91.646,91.667
2211,2023-05-09 00:42:51,91.6445,91.66550000000001
2213,2023-05-09 00:42:52,91.642,91.663
2214,2023-05-09 00:42:56,91.63550000000001,91.6565
2216,2023-05-09 00:42:57,91.636,91.657
2217,2023-05-09 00:42:58,91.635,91.656
2218,2023-05-09 00:43:00,91.635,91.656
2219,2023-05-09 00:43:02,91.6385,91.65950000000001
2221,2023-05-09 00:43:05,91.63900000000001,91.66
2225,2023-05-09 00:43:06,91.64,91.661
2226,2023-05-09 00:43:07,91.637,91.658
2227,2023-05-09 00:43:09,91.6365,91.6575
2229,2023-05-09 00:43:10,91.635,91.656
2230,2023-05-09 00:43:12,91.634,91.655
2231,2023-05-09 00:43:15,91.635,91.656
2232,2023-05-09 00:43:21,91.637,91.658
2233,2023-05-09 00:43:22,91.6385,91.65950000000001
2235,2023-05-09 00:43:25,91.642,91.663
2238,2023-05-09 00:43:28,91.64,91.661
2239,2023-05-09 00:43:29,91.6425,91.6635
2241,2023-05-09 00:43:33,91.64,91.661
2243,2023-05-09 00:43:36,91.643,91.664
2244,2023-05-09 00:43:39,91.6445,91.66550000000001
2246,2023-05-09 00:43:40,91.644,91.665
2247,2023-05-09 00:43:41,91.6435,91.6645
2249,2023-05-09 00:43:48,91.6435,91.6645
2251,2023-05-09 00:43:52,91.643,91.664
2252,2023-05-09 00:43:53,91.644,91.665
2253,2023-05-09 00:43:56,91.643,91.664
2254,2023-05-09 00:43:57,91.644,91.665
2255,2023-05-09 00:43:58,91.646,91.667
2258,2023-05-09 00:44:00,91.646,91.667
2259,2023-05-09 00:44:03,91.6455,91.6665
2261,2023-05-09 00:44:04,91.645,91.666
2262,2023-05-09 00:44:09,91.6525,91.6735
2264,2023-05-09 00:44:10,91.652,91.673
2265,2023-05-09 00:44:11,91.653,91.674
2266,2023-05-09 00:44:13,91.652,91.673
2267,2023-05-09 00:44:14,91.651,91.672
2268,2023-05-09 00:44:16,91.65,91.671
2269,2023-05-09 00:44:19,91.649,91.67
2270,2023-05-09 00:44:21,91.65,91.671
2271,2023-05-09 00:44:22,91.649,91.67
2272,2023-05-09 00:44:23,91.65,91.671
2273,2023-05-09 00:44:24,91.651,91.672
2274,2023-05-09 00:44:25,91.649,91.67
2275,2023-05-09 00:44:31,91.653,91.674
2276,2023-05-09 00:44:34,91.654,91.675
2277,2023-05-09 00:44:36,91.653,91.674
2278,2023-05-09 00:44:41,91.654,91.675
2279,2023-05-09 00:44:44,91.655,91.676
2280,2023-05-09 00:44:46,91.65,91.671
2281,2023-05-09 00:44:47,91.64949999999999,91.6705
2283,2023-05-09 00:44:48,91.649,91.67
2284,2023-05-09 00:44:49,91.648,91.669
2285,2023-05-09 00:44:50,91.65,91.671
2286,2023-05-09 00:44:51,91.6525,91.6735
2288,2023-05-09 00:44:52,91.6505,91.67150000000001
2290,2023-05-09 00:44:54,91.651,91.672
2291,2023-05-09 00:44:56,91.65,91.671
2292,2023-05-09 00:44:57,91.6515,91.6725
2294,2023-05-09 00:44:58,91.653,91.674
2295,2023-05-09 00:44:59,91.652,91.673
2296,2023-05-09 00:45:00,91.652,91.673
2299,2023-05-09 00:45:01,91.65,91.67099999999999
2301,2023-05-09 00:45:02,91.648,91.669
2302,2023-05-09 00:45:03,91.6485,91.6695
2304,2023-05-09 00:45:06,91.649,91.67
2305,2023-05-09 00:45:07,91.648,91.669
2306,2023-05-09 00:45:09,91.649,91.67
2307,2023-05-09 00:45:11,91.64750000000001,91.6685
2309,2023-05-09 00:45:12,91.649,91.67
2310,2023-05-09 00:45:13,91.6495,91.6705
2312,2023-05-09 00:45:16,91.648,91.669
2313,2023-05-09 00:45:20,91.646,91.667
2315,2023-05-09 00:45:26,91.643,91.664
2318,2023-05-09 00:45:28,91.6405,91.6615
2320,2023-05-09 00:45:29,91.64150000000001,91.6625
2322,2023-05-09 00:45:30,91.639,91.66
2323,2023-05-09 00:45:31,91.638,91.659
2324,2023-05-09 00:45:36,91.639,91.66
2325,2023-05-09 00:45:39,91.638,91.659
2326,2023-05-09 00:45:41,91.636,91.657
2327,2023-05-09 00:45:43,91.6375,91.6585
2329,2023-05-09 00:45:45,91.639,91.66
2330,2023-05-09 00:45:46,91.64,91.661
2331,2023-05-09 00:45:48,91.641,91.662
2332,2023-05-09 00:45:49,91.64150000000001,91.6625
2334,2023-05-09 00:45:51,91.6405,91.6615
2336,2023-05-09 00:45:54,91.64,91.661
2337,2023-05-09 00:45:55,91.637,91.658
2340,2023-05-09 00:46:00,91.639,91.66
2341,2023-05-09 00:46:02,91.641,91.662
2342,2023-05-09 00:46:05,91.64,91.661
2343,2023-05-09 00:46:08,91.644,91.665
2346,2023-05-09 00:46:09,91.646,91.667
2348,2023-05-09 00:46:10,91.646,91.667
2349,2023-05-09 00:46:11,91.64750000000001,91.6685
2351,2023-05-09 00:46:12,91.65,91.671
2352,2023-05-09 00:46:13,91.649,91.67
2354,2023-05-09 00:46:14,91.6485,91.6695
2356,2023-05-09 00:46:15,91.648,91.669
2357,2023-05-09 00:46:20,91.6445,91.66550000000001
2359,2023-05-09 00:46:23,91.6455,91.6665
2361,2023-05-09 00:46:24,91.644,91.665
2362,2023-05-09 00:46:35,91.6445,91.66550000000001
2364,2023-05-09 00:46:38,91.645,91.666
2365,2023-05-09 00:46:39,91.6445,91.66550000000001
2367,2023-05-09 00:46:40,91.644,91.665
2368,2023-05-09 00:46:44,91.643,91.664
2369,2023-05-09 00:46:45,91.6445,91.66550000000001
2371,2023-05-09 00:46:52,91.645,91.666
2372,2023-05-09 00:46:55,91.638,91.65899999999999
2374,2023-05-09 00:46:56,91.639,91.66
2375,2023-05-09 00:46:58,91.64,91.661
2376,2023-05-09 00:47:00,91.64,91.661
2377,2023-05-09 00:47:03,91.641,91.662
2378,2023-05-09 00:47:06,91.642,91.663
2379,2023-05-09 00:47:08,91.641,91.662
2380,2023-05-09 00:47:09,91.642,91.663
2381,2023-05-09 00:47:10,91.64,91.661
2383,2023-05-09 00:47:12,91.638,91.659
2384,2023-05-09 00:47:13,91.6385,91.65950000000001
2386,2023-05-09 00:47:15,91.639,91.66
2387,2023-05-09 00:47:16,91.64,91.661
2388,2023-05-09 00:47:17,91.644,91.665
2389,2023-05-09 00:47:19,91.646,91.667
2390,2023-05-09 00:47:20,91.649,91.67
2391,2023-05-09 00:47:21,91.65,91.671
2392,2023-05-09 00:47:22,91.65,91.67099999999999
2394,2023-05-09 00:47:23,91.6495,91.6705
2396,2023-05-09 00:47:27,91.649,91.67
2399,2023-05-09 00:47:28,91.649,91.67
2402,2023-05-09 00:47:30,91.642,91.663
2405,2023-05-09 00:47:31,91.64150000000001,91.6625
2407,2023-05-09 00:47:33,91.642,91.663
2408,2023-05-09 00:47:34,91.641,91.662
2409,2023-05-09 00:47:35,91.642,91.663
2410,2023-05-09 00:47:36,91.641,91.662
2411,2023-05-09 00:47:38,91.6395,91.6605
2413,2023-05-09 00:47:39,91.638,91.659
2414,2023-05-09 00:47:40,91.637,91.658
2415,2023-05-09 00:47:46,91.639,91.66
2416,2023-05-09 00:47:54,91.638,91.659
2417,2023-05-09 00:47:55,91.639,91.66
2418,2023-05-09 00:47:56,91.638,91.659
2419,2023-05-09 00:47:57,91.639,91.66
2420,2023-05-09 00:48:00,91.639,91.66
2421,2023-05-09 00:48:04,91.64150000000001,91.6625
2423,2023-05-09 00:48:07,91.64,91.661
2424,2023-05-09 00:48:10,91.6395,91.6605
2426,2023-05-09 00:48:11,91.6405,91.6615
2428,2023-05-09 00:48:14,91.6405,91.6615
2430,2023-05-09 00:48:15,91.641,91.662
2433,2023-05-09 00:48:16,91.6395,91.6605
2435,2023-05-09 00:48:17,91.6395,91.6605
2437,2023-05-09 00:48:18,91.64,91.661
2438,2023-05-09 00:48:22,91.6425,91.6635
2440,2023-05-09 00:48:23,91.642,91.663
2441,2023-05-09 00:48:25,91.641,91.662
2442,2023-05-09 00:48:27,91.64150000000001,91.6625
2444,2023-05-09 00:48:29,91.642,91.663
2447,2023-05-09 00:48:30,91.643,91.664
2448,2023-05-09 00:48:32,91.641,91.662
2451,2023-05-09 00:48:33,91.6375,91.6585
2453,2023-05-09 00:48:36,91.639,91.66
2454,2023-05-09 00:48:37,91.64,91.661
2455,2023-05-09 00:48:38,91.641,91.662
2456,2023-05-09 00:48:39,91.64,91.661
2457,2023-05-09 00:48:41,91.639,91.66
2458,2023-05-09 00:48:42,91.641,91.662
2459,2023-05-09 00:48:47,91.637,91.658
2461,2023-05-09 00:48:48,91.6365,91.6575
2463,2023-05-09 00:48:52,91.637,91.658
2464,2023-05-09 00:48:53,91.636,91.657
2465,2023-05-09 00:48:55,91.635,91.656
2466,2023-05-09 00:48:58,91.634,91.655
2467,2023-05-09 00:48:59,91.635,91.656
2468,2023-05-09 00:49:00,91.6345,91.6555
2470,2023-05-09 00:49:01,91.635,91.656
2471,2023-05-09 00:49:02,91.639,91.66
2474,2023-05-09 00:49:03,91.637,91.658
2477,2023-05-09 00:49:04,91.6375,91.6585
2479,2023-05-09 00:49:05,91.64,91.661
2480,2023-05-09 00:49:06,91.6385,91.65950000000001
2484,2023-05-09 00:49:07,91.63550000000001,91.6565
2486,2023-05-09 00:49:08,91.637,91.658
2487,2023-05-09 00:49:09,91.6345,91.6555
2489,2023-05-09 00:49:12,91.635,91.656
2490,2023-05-09 00:49:13,91.634,91.655
2491,2023-05-09 00:49:14,91.635,91.656
2492,2023-05-09 00:49:17,91.632,91.653
2495,2023-05-09 00:49:21,91.634,91.655
2496,2023-05-09 00:49:22,91.63,91.651
2497,2023-05-09 00:49:26,91.631,91.652
2498,2023-05-09 00:49:30,91.633,91.654
2499,2023-05-09 00:49:31,91.632,91.653
2500,2023-05-09 00:49:34,91.631,91.652
2501,2023-05-09 00:49:36,91.6315,91.6525
2503,2023-05-09 00:49:37,91.632,91.653
2504,2023-05-09 00:49:38,91.627,91.648
2505,2023-05-09 00:49:39,91.626,91.647
2506,2023-05-09 00:49:41,91.6265,91.64750000000001
2508,2023-05-09 00:49:42,91.6275,91.6485
2510,2023-05-09 00:49:43,91.629,91.65
2511,2023-05-09 00:49:44,91.628,91.649
2512,2023-05-09 00:49:46,91.629,91.65
2513,2023-05-09 00:49:47,91.637,91.658
2516,2023-05-09 00:49:49,91.6375,91.6585
2518,2023-05-09 00:49:52,91.637,91.658
2519,2023-05-09 00:49:53,91.638,91.659
2520,2023-05-09 00:49:54,91.636,91.657
2522,2023-05-09 00:49:55,91.6335,91.6545
2524,2023-05-09 00:49:58,91.635,91.656
2525,2023-05-09 00:49:59,91.636,91.657
2526,2023-05-09 00:50:00,91.635,91.656
2527,2023-05-09 00:50:02,91.634,91.655
2528,2023-05-09 00:50:03,91.633,91.654
2529,2023-05-09 00:50:04,91.635,91.656
2530,2023-05-09 00:50:05,91.633,91.654
2533,2023-05-09 00:50:06,91.634,91.655
2536,2023-05-09 00:50:07,91.63650000000001,91.6575
2538,2023-05-09 00:50:09,91.639,91.66
2539,2023-05-09 00:50:10,91.6405,91.6615
2541,2023-05-09 00:50:13,91.642,91.663
2542,2023-05-09 00:50:15,91.6435,91.6645
2544,2023-05-09 00:50:18,91.64,91.661
2545,2023-05-09 00:50:19,91.641,91.662
2546,2023-05-09 00:50:20,91.64150000000001,91.6625
2548,2023-05-09 00:50:21,91.642,91.663
2549,2023-05-09 00:50:23,91.643,91.664
2550,2023-05-09 00:50:24,91.6435,91.6645
2552,2023-05-09 00:50:26,91.642,91.663
2553,2023-05-09 00:50:28,91.6445,91.66550000000001
2555,2023-05-09 00:50:30,91.644,91.665
2556,2023-05-09 00:50:31,91.645,91.666
2557,2023-05-09 00:50:33,91.6485,91.6695
2559,2023-05-09 00:50:35,91.644,91.665
2562,2023-05-09 00:50:36,91.645,91.666
2563,2023-05-09 00:50:38,91.646,91.667
2564,2023-05-09 00:50:41,91.6435,91.6645
2566,2023-05-09 00:50:42,91.644,91.665
2567,2023-05-09 00:50:43,91.645,91.666
2568,2023-05-09 00:50:44,91.646,91.667
2569,2023-05-09 00:50:45,91.6465,91.66749999999999
2571,2023-05-09 00:50:46,91.647,91.668
2572,2023-05-09 00:50:47,91.648,91.669
2573,2023-05-09 00:50:48,91.647,91.668
2574,2023-05-09 00:50:49,91.646,91.667
2575,2023-05-09 00:50:50,91.647,91.668
2576,2023-05-09 00:50:51,91.648,91.669
2577,2023-05-09 00:50:52,91.6495,91.6705
2579,2023-05-09 00:50:53,91.648,91.669
2582,2023-05-09 00:50:54,91.642,91.663
2583,2023-05-09 00:50:56,91.6435,91.6645
2585,2023-05-09 00:50:58,91.6435,91.6645
2587,2023-05-09 00:51:00,91.646,91.667
2590,2023-05-09 00:51:01,91.6465,91.6675
2592,2023-05-09 00:51:02,91.648,91.669
2593,2023-05-09 00:51:04,91.646,91.667
2594,2023-05-09 00:51:05,91.6485,91.6695
2596,2023-05-09 00:51:06,91.65,91.671
2597,2023-05-09 00:51:07,91.6485,91.6695
2599,2023-05-09 00:51:08,91.651,91.672
2602,2023-05-09 00:51:10,91.654,91.675
2603,2023-05-09 00:51:11,91.654,91.67500000000001
2605,2023-05-09 00:51:12,91.6545,91.6755
2607,2023-05-09 00:51:13,91.654,91.675
2608,2023-05-09 00:51:15,91.651,91.672
2609,2023-05-09 00:51:16,91.65,91.671
2610,2023-05-09 00:51:18,91.652,91.673
2611,2023-05-09 00:51:19,91.65,91.671
2612,2023-05-09 00:51:20,91.651,91.672
2613,2023-05-09 00:51:24,91.6505,91.67150000000001
2615,2023-05-09 00:51:26,91.652,91.673
2616,2023-05-09 00:51:28,91.651,91.672
2617,2023-05-09 00:51:29,91.6495,91.6705
2619,2023-05-09 00:51:30,91.648,91.669
2620,2023-05-09 00:51:31,91.6485,91.6695
2622,2023-05-09 00:51:34,91.646,91.667
2624,2023-05-09 00:51:36,91.638,91.65899999999999
2626,2023-05-09 00:51:37,91.6335,91.6545
2630,2023-05-09 00:51:38,91.628,91.649
2631,2023-05-09 00:51:39,91.6235,91.6445
2633,2023-05-09 00:51:40,91.62049999999999,91.64150000000001
2635,2023-05-09 00:51:41,91.6235,91.6445
2637,2023-05-09 00:51:43,91.6265,91.64750000000001
2641,2023-05-09 00:51:44,91.624,91.645
2644,2023-05-09 00:51:45,91.6255,91.6465
2646,2023-05-09 00:51:47,91.628,91.649
2647,2023-05-09 00:51:48,91.631,91.652
2648,2023-05-09 00:51:52,91.628,91.649
2650,2023-05-09 00:51:53,91.628,91.649
2651,2023-05-09 00:51:55,91.63,91.651
2652,2023-05-09 00:51:56,91.631,91.652
2653,2023-05-09 00:51:59,91.634,91.655
2654,2023-05-09 00:52:00,91.635,91.656
2657,2023-05-09 00:52:01,91.636,91.657
2660,2023-05-09 00:52:03,91.6405,91.6615
2662,2023-05-09 00:52:05,91.6395,91.66050000000001
2664,2023-05-09 00:52:09,91.638,91.65899999999999
2666,2023-05-09 00:52:10,91.636,91.657
2667,2023-05-09 00:52:18,91.639,91.66
2668,2023-05-09 00:52:19,91.638,91.659
2669,2023-05-09 00:52:20,91.633,91.654
2670,2023-05-09 00:52:22,91.6325,91.65350000000001
2672,2023-05-09 00:52:23,91.634,91.655
2673,2023-05-09 00:52:25,91.6395,91.66050000000001
2675,2023-05-09 00:52:26,91.64,91.661
2676,2023-05-09 00:52:27,91.6385,91.65950000000001
2678,2023-05-09 00:52:28,91.635,91.656
2679,2023-05-09 00:52:29,91.638,91.65899999999999
2681,2023-05-09 00:52:31,91.6375,91.6585
2683,2023-05-09 00:52:32,91.64099999999999,91.662
2685,2023-05-09 00:52:33,91.642,91.66300000000001
2687,2023-05-09 00:52:34,91.6465,91.6675
2689,2023-05-09 00:52:37,91.65,91.67099999999999
2691,2023-05-09 00:52:38,91.653,91.674
2692,2023-05-09 00:52:42,91.654,91.675
2693,2023-05-09 00:52:47,91.658,91.679
2694,2023-05-09 00:52:48,91.656,91.677
2695,2023-05-09 00:52:49,91.654,91.675
2696,2023-05-09 00:52:50,91.6545,91.6755
2698,2023-05-09 00:52:51,91.65,91.671
2701,2023-05-09 00:52:53,91.6505,91.67150000000001
2703,2023-05-09 00:52:54,91.65350000000001,91.6745
2705,2023-05-09 00:52:55,91.653,91.674
2706,2023-05-09 00:52:57,91.654,91.675
2707,2023-05-09 00:52:58,91.655,91.676
2708,2023-05-09 00:53:00,91.656,91.677
2711,2023-05-09 00:53:01,91.654,91.675
2712,2023-05-09 00:53:05,91.657,91.678
2713,2023-05-09 00:53:06,91.659,91.68
2714,2023-05-09 00:53:08,91.658,91.679
2715,2023-05-09 00:53:09,91.659,91.68
2716,2023-05-09 00:53:10,91.6635,91.6845
2718,2023-05-09 00:53:12,91.664,91.685
2719,2023-05-09 00:53:13,91.666,91.687
2720,2023-05-09 00:53:14,91.66550000000001,91.6865
2722,2023-05-09 00:53:15,91.665,91.686
2723,2023-05-09 00:53:16,91.666,91.687
2724,2023-05-09 00:53:18,91.67,91.691
2725,2023-05-09 00:53:19,91.666,91.687
2728,2023-05-09 00:53:22,91.664,91.685
2729,2023-05-09 00:53:24,91.66499999999999,91.686
2731,2023-05-09 00:53:26,91.663,91.684
2732,2023-05-09 00:53:27,91.662,91.683
2733,2023-05-09 00:53:28,91.659,91.68
2734,2023-05-09 00:53:29,91.6585,91.6795
2736,2023-05-09 00:53:30,91.664,91.685
2737,2023-05-09 00:53:32,91.665,91.686
2738,2023-05-09 00:53:33,91.664,91.685
2739,2023-05-09 00:53:34,91.665,91.686
2740,2023-05-09 00:53:41,91.666,91.687
2741,2023-05-09 00:53:43,91.668,91.689
2742,2023-05-09 00:53:44,91.671,91.692
2743,2023-05-09 00:53:45,91.67099999999999,91.69200000000001
2745,2023-05-09 00:53:46,91.669,91.69
2746,2023-05-09 00:53:48,91.667,91.688
2747,2023-05-09 00:53:49,91.666,91.687
2748,2023-05-09 00:53:51,91.667,91.688
2749,2023-05-09 00:53:53,91.6685,91.6895
2751,2023-05-09 00:53:54,91.667,91.688
2752,2023-05-09 00:53:55,91.668,91.689
2753,2023-05-09 00:53:56,91.667,91.688
2754,2023-05-09 00:53:58,91.666,91.687
2757,2023-05-09 00:53:59,91.665,91.686
2758,2023-05-09 00:54:00,91.665,91.686
2759,2023-05-09 00:54:01,91.664,91.685
2760,2023-05-09 00:54:02,91.66749999999999,91.6885
2762,2023-05-09 00:54:03,91.67,91.691
2763,2023-05-09 00:54:04,91.671,91.692
2764,2023-05-09 00:54:05,91.674,91.695
2767,2023-05-09 00:54:06,91.67699999999999,91.69800000000001
2769,2023-05-09 00:54:07,91.678,91.699
2770,2023-05-09 00:54:08,91.673,91.694
2771,2023-05-09 00:54:09,91.672,91.693
2772,2023-05-09 00:54:10,91.671,91.692
2773,2023-05-09 00:54:11,91.672,91.693
2774,2023-05-09 00:54:14,91.674,91.695
2775,2023-05-09 00:54:15,91.672,91.693
2776,2023-05-09 00:54:16,91.671,91.692
2779,2023-05-09 00:54:17,91.662,91.683
2782,2023-05-09 00:54:18,91.661,91.682
2785,2023-05-09 00:54:19,91.662,91.683
2788,2023-05-09 00:54:20,91.661,91.682
2791,2023-05-09 00:54:21,91.662,91.683
2792,2023-05-09 00:54:22,91.6605,91.6815
2794,2023-05-09 00:54:25,91.66,91.681
2795,2023-05-09 00:54:26,91.664,91.685
2798,2023-05-09 00:54:27,91.666,91.687
2799,2023-05-09 00:54:29,91.658,91.679
2802,2023-05-09 00:54:30,91.658,91.679
2804,2023-05-09 00:54:31,91.656,91.677
2805,2023-05-09 00:54:32,91.659,91.68
2806,2023-05-09 00:54:33,91.66,91.681
2807,2023-05-09 00:54:34,91.6565,91.67750000000001
2811,2023-05-09 00:54:36,91.661,91.682
2815,2023-05-09 00:54:37,91.665,91.686
2818,2023-05-09 00:54:38,91.665,91.686
2819,2023-05-09 00:54:39,91.66550000000001,91.6865
2821,2023-05-09 00:54:42,91.6585,91.6795
2825,2023-05-09 00:54:43,91.65899999999999,91.68
2827,2023-05-09 00:54:44,91.659,91.68
2830,2023-05-09 00:54:45,91.658,91.679
2833,2023-05-09 00:54:47,91.662,91.683
2836,2023-05-09 00:54:48,91.6615,91.6825
2838,2023-05-09 00:54:49,91.662,91.683
2841,2023-05-09 00:54:50,91.661,91.682
2842,2023-05-09 00:54:52,91.662,91.683
2845,2023-05-09 00:54:53,91.66499999999999,91.686
2847,2023-05-09 00:54:54,91.663,91.684
2851,2023-05-09 00:54:55,91.667,91.688
2852,2023-05-09 00:54:56,91.668,91.689
2855,2023-05-09 00:54:57,91.671,91.692
2858,2023-05-09 00:54:59,91.67099999999999,91.69200000000001
2860,2023-05-09 00:55:00,91.663,91.684
2865,2023-05-09 00:55:02,91.66550000000001,91.6865
2869,2023-05-09 00:55:03,91.666,91.68700000000001
2873,2023-05-09 00:55:04,91.6665,91.6875
2875,2023-05-09 00:55:05,91.671,91.692
2878,2023-05-09 00:55:06,91.6665,91.6875
2882,2023-05-09 00:55:07,91.663,91.684
2886,2023-05-09 00:55:08,91.662,91.683
2889,2023-05-09 00:55:09,91.654,91.675
2892,2023-05-09 00:55:10,91.6515,91.6725
2894,2023-05-09 00:55:11,91.6505,91.67150000000001
2896,2023-05-09 00:55:12,91.652,91.673
2899,2023-05-09 00:55:13,91.651,91.672
2900,2023-05-09 00:55:15,91.652,91.673
2901,2023-05-09 00:55:16,91.653,91.674
2902,2023-05-09 00:55:17,91.652,91.673
2905,2023-05-09 00:55:18,91.6525,91.6735
2907,2023-05-09 00:55:19,91.6485,91.6695
2909,2023-05-09 00:55:20,91.647,91.668
2910,2023-05-09 00:55:21,91.6485,91.6695
2912,2023-05-09 00:55:23,91.647,91.668
2913,2023-05-09 00:55:24,91.648,91.669
2914,2023-05-09 00:55:25,91.647,91.668
2915,2023-05-09 00:55:26,91.648,91.669
2916,2023-05-09 00:55:27,91.647,91.668
2919,2023-05-09 00:55:29,91.648,91.669
2920,2023-05-09 00:55:30,91.64750000000001,91.6685
2922,2023-05-09 00:55:31,91.642,91.663
2923,2023-05-09 00:55:32,91.641,91.662
2924,2023-05-09 00:55:33,91.64,91.661
2925,2023-05-09 00:55:35,91.641,91.662
2926,2023-05-09 00:55:36,91.642,91.663
2927,2023-05-09 00:55:37,91.641,91.662
2928,2023-05-09 00:55:39,91.63749999999999,91.6585
2930,2023-05-09 00:55:40,91.63550000000001,91.6565
2934,2023-05-09 00:55:41,91.637,91.658
2936,2023-05-09 00:55:42,91.6315,91.6525
2940,2023-05-09 00:55:43,91.631,91.652
2941,2023-05-09 00:55:46,91.6315,91.6525
2943,2023-05-09 00:55:47,91.632,91.653
2944,2023-05-09 00:55:48,91.631,91.652
2945,2023-05-09 00:55:52,91.628,91.649
2946,2023-05-09 00:55:53,91.627,91.648
2947,2023-05-09 00:55:54,91.627,91.648
2950,2023-05-09 00:55:56,91.62,91.641
2953,2023-05-09 00:55:57,91.61699999999999,91.638
2955,2023-05-09 00:55:59,91.617,91.638
2956,2023-05-09 00:56:00,91.62,91.641
2959,2023-05-09 00:56:01,91.62450000000001,91.6455
2961,2023-05-09 00:56:02,91.6255,91.6465
2963,2023-05-09 00:56:03,91.627,91.648
2964,2023-05-09 00:56:04,91.6265,91.64750000000001
2966,2023-05-09 00:56:05,91.6265,91.64750000000001
2968,2023-05-09 00:56:06,91.628,91.649
2970,2023-05-09 00:56:07,91.625,91.646
2971,2023-05-09 00:56:09,91.6255,91.6465
2973,2023-05-09 00:56:10,91.62100000000001,91.642
2975,2023-05-09 00:56:11,91.62,91.641
2976,2023-05-09 00:56:12,91.6235,91.6445
2978,2023-05-09 00:56:13,91.62299999999999,91.644
2982,2023-05-09 00:56:15,91.6215,91.6425
2984,2023-05-09 00:56:16,91.626,91.647
2987,2023-05-09 00:56:17,91.6275,91.6485
2989,2023-05-09 00:56:18,91.6255,91.6465
2991,2023-05-09 00:56:20,91.624,91.645
2992,2023-05-09 00:56:21,91.623,91.644
2993,2023-05-09 00:56:23,91.625,91.646
2994,2023-05-09 00:56:24,91.6255,91.6465
2996,2023-05-09 00:56:26,91.62700000000001,91.648
2998,2023-05-09 00:56:27,91.6245,91.6455
3000,2023-05-09 00:56:28,91.624,91.645
3001,2023-05-09 00:56:29,91.625,91.646
3002,2023-05-09 00:56:30,91.6255,91.6465
3004,2023-05-09 00:56:33,91.631,91.652
3005,2023-05-09 00:56:34,91.63,91.651
3006,2023-05-09 00:56:35,91.6305,91.6515
3008,2023-05-09 00:56:36,91.629,91.65
3009,2023-05-09 00:56:37,91.628,91.649
3010,2023-05-09 00:56:39,91.62950000000001,91.6505
3012,2023-05-09 00:56:40,91.6315,91.6525
3014,2023-05-09 00:56:41,91.63,91.651
3015,2023-05-09 00:56:42,91.629,91.65
3016,2023-05-09 00:56:44,91.63,91.651
3017,2023-05-09 00:56:45,91.628,91.649
3018,2023-05-09 00:56:46,91.63,91.651
3019,2023-05-09 00:56:47,91.627,91.648
3022,2023-05-09 00:56:48,91.626,91.647
3023,2023-05-09 00:56:49,91.6275,91.6485
3025,2023-05-09 00:56:50,91.629,91.65
3026,2023-05-09 00:56:51,91.63,91.651
3029,2023-05-09 00:56:52,91.631,91.652
3032,2023-05-09 00:56:53,91.63,91.651
3033,2023-05-09 00:56:54,91.629,91.65
3034,2023-05-09 00:56:55,91.62950000000001,91.6505
3036,2023-05-09 00:56:59,91.63,91.651
3037,2023-05-09 00:57:00,91.63,91.651
3040,2023-05-09 00:57:02,91.63,91.65100000000001
3042,2023-05-09 00:57:03,91.632,91.653
3045,2023-05-09 00:57:04,91.632,91.653
3046,2023-05-09 00:57:07,91.631,91.652
3047,2023-05-09 00:57:09,91.632,91.653
3048,2023-05-09 00:57:11,91.631,91.652
3049,2023-05-09 00:57:12,91.632,91.653
3050,2023-05-09 00:57:14,91.6325,91.65350000000001
3052,2023-05-09 00:57:19,91.633,91.654
3053,2023-05-09 00:57:21,91.635,91.656
3054,2023-05-09 00:57:23,91.634,91.655
3055,2023-05-09 00:57:26,91.6325,91.65350000000001
3057,2023-05-09 00:57:28,91.633,91.654
3058,2023-05-09 00:57:29,91.636,91.657
3061,2023-05-09 00:57:30,91.635,91.656
3062,2023-05-09 00:57:34,91.6325,91.65350000000001
3064,2023-05-09 00:57:35,91.62950000000001,91.6505
3066,2023-05-09 00:57:36,91.625,91.646
3067,2023-05-09 00:57:37,91.6255,91.6465
3069,2023-05-09 00:57:38,91.626,91.647
3070,2023-05-09 00:57:39,91.625,91.646
3071,2023-05-09 00:57:40,91.624,91.645
3072,2023-05-09 00:57:41,91.625,91.646
3073,2023-05-09 00:57:43,91.62049999999999,91.64150000000001
3075,2023-05-09 00:57:45,91.621,91.642
3076,2023-05-09 00:57:46,91.623,91.644
3077,2023-05-09 00:57:47,91.624,91.645
3078,2023-05-09 00:57:50,91.625,91.646
3079,2023-05-09 00:57:51,91.624,91.645
3080,2023-05-09 00:57:56,91.623,91.644
3081,2023-05-09 00:57:57,91.624,91.645
3082,2023-05-09 00:57:58,91.625,91.646
3085,2023-05-09 00:57:59,91.624,91.645
3086,2023-05-09 00:58:00,91.6235,91.6445
3090,2023-05-09 00:58:01,91.62049999999999,91.64150000000001
3092,2023-05-09 00:58:02,91.6175,91.6385
3094,2023-05-09 00:58:03,91.618,91.639
3095,2023-05-09 00:58:04,91.617,91.638
3096,2023-05-09 00:58:06,91.615,91.636
3097,2023-05-09 00:58:08,91.616,91.637
3100,2023-05-09 00:58:09,91.614,91.635
3103,2023-05-09 00:58:10,91.615,91.636
3104,2023-05-09 00:58:11,91.6095,91.6305
3106,2023-05-09 00:58:13,91.609,91.63
3107,2023-05-09 00:58:16,91.613,91.634
3108,2023-05-09 00:58:17,91.612,91.633
3109,2023-05-09 00:58:18,91.611,91.632
3110,2023-05-09 00:58:19,91.612,91.633
3111,2023-05-09 00:58:21,91.613,91.634
3112,2023-05-09 00:58:22,91.612,91.633
3113,2023-05-09 00:58:24,91.611,91.632
3114,2023-05-09 00:58:27,91.612,91.633
3115,2023-05-09 00:58:30,91.6105,91.6315
3117,2023-05-09 00:58:31,91.611,91.632
3118,2023-05-09 00:58:32,91.6115,91.6325
3120,2023-05-09 00:58:34,91.61,91.631
3123,2023-05-09 00:58:36,91.606,91.627
3126,2023-05-09 00:58:37,91.603,91.624
3127,2023-05-09 00:58:39,91.602,91.623
3128,2023-05-09 00:58:40,91.6035,91.6245
3130,2023-05-09 00:58:42,91.6005,91.6215
3132,2023-05-09 00:58:43,91.596,91.617
3133,2023-05-09 00:58:44,91.597,91.618
3134,2023-05-09 00:58:45,91.59649999999999,91.6175
3136,2023-05-09 00:58:46,91.596,91.617
3137,2023-05-09 00:58:47,91.5975,91.6185
3139,2023-05-09 00:58:48,91.597,91.618
3140,2023-05-09 00:58:49,91.594,91.615
3141,2023-05-09 00:58:50,91.5925,91.6135
3143,2023-05-09 00:58:51,91.5935,91.61449999999999
3145,2023-05-09 00:58:52,91.596,91.617
3146,2023-05-09 00:58:53,91.594,91.615
3147,2023-05-09 00:58:57,91.595,91.616
3148,2023-05-09 00:58:58,91.5955,91.6165
3150,2023-05-09 00:58:59,91.5935,91.61449999999999
3152,2023-05-09 00:59:00,91.5935,91.61449999999999
3154,2023-05-09 00:59:02,91.593,91.614
3155,2023-05-09 00:59:03,91.589,91.61
3156,2023-05-09 00:59:04,91.59,91.611
3157,2023-05-09 00:59:05,91.588,91.609
3160,2023-05-09 00:59:06,91.59,91.61099999999999
3162,2023-05-09 00:59:08,91.592,91.613
3163,2023-05-09 00:59:09,91.593,91.614
3164,2023-05-09 00:59:10,91.592,91.613
3165,2023-05-09 00:59:11,91.593,91.614
3166,2023-05-09 00:59:13,91.592,91.613
3167,2023-05-09 00:59:15,91.593,91.614
3168,2023-05-09 00:59:16,91.5925,91.6135
3172,2023-05-09 00:59:17,91.5925,91.6135
3174,2023-05-09 00:59:20,91.591,91.612
3175,2023-05-09 00:59:21,91.59,91.611
3179,2023-05-09 00:59:23,91.592,91.613
3180,2023-05-09 00:59:25,91.593,91.614
3181,2023-05-09 00:59:26,91.5955,91.6165
3183,2023-05-09 00:59:27,91.597,91.618
3186,2023-05-09 00:59:33,91.598,91.619
3187,2023-05-09 00:59:34,91.602,91.623
3188,2023-05-09 00:59:35,91.601,91.622
3189,2023-05-09 00:59:37,91.6005,91.6215
3191,2023-05-09 00:59:38,91.599,91.62
3192,2023-05-09 00:59:39,91.6,91.621
3193,2023-05-09 00:59:42,91.598,91.619
3194,2023-05-09 00:59:43,91.599,91.62
3195,2023-05-09 00:59:45,91.6005,91.6215
3197,2023-05-09 00:59:49,91.599,91.62
3198,2023-05-09 00:59:51,91.598,91.619
3199,2023-05-09 00:59:52,91.599,91.62
3200,2023-05-09 00:59:53,91.6,91.621
3201,2023-05-09 00:59:55,91.60149999999999,91.6225
3203,2023-05-09 00:59:59,91.599,91.62
3204,2023-05-09 01:00:00,91.59700000000001,91.618
3206,2023-05-09 01:00:01,91.598,91.619
3209,2023-05-09 01:00:02,91.598,91.619
3210,2023-05-09 01:00:03,91.599,91.62
3211,2023-05-09 01:00:04,91.597,91.618
3212,2023-05-09 01:00:09,91.596,91.617
3213,2023-05-09 01:00:13,91.597,91.618
3214,2023-05-09 01:00:16,91.596,91.617
3217,2023-05-09 01:00:17,91.597,91.618
3218,2023-05-09 01:00:18,91.598,91.619
3219,2023-05-09 01:00:19,91.597,91.618
3220,2023-05-09 01:00:20,91.5925,91.6135
3222,2023-05-09 01:00:21,91.593,91.614
3223,2023-05-09 01:00:22,91.592,91.613
3224,2023-05-09 01:00:23,91.59450000000001,91.6155
3226,2023-05-09 01:00:24,91.5945,91.6155
3228,2023-05-09 01:00:25,91.595,91.616
3229,2023-05-09 01:00:27,91.5945,91.6155
3231,2023-05-09 01:00:28,91.593,91.614
3234,2023-05-09 01:00:29,91.5935,91.61449999999999
3236,2023-05-09 01:00:31,91.5885,91.6095
3238,2023-05-09 01:00:32,91.589,91.61
3240,2023-05-09 01:00:33,91.588,91.60900000000001
3242,2023-05-09 01:00:34,91.5895,91.6105
3244,2023-05-09 01:00:38,91.591,91.612
3245,2023-05-09 01:00:42,91.592,91.613
3248,2023-05-09 01:00:49,91.593,91.614
3249,2023-05-09 01:00:50,91.59649999999999,91.6175
3251,2023-05-09 01:00:52,91.5975,91.6185
3255,2023-05-09 01:00:53,91.60149999999999,91.6225
3257,2023-05-09 01:00:54,91.6045,91.6255
3259,2023-05-09 01:00:55,91.603,91.624
3260,2023-05-09 01:00:56,91.604,91.625
3261,2023-05-09 01:01:00,91.606,91.62700000000001
3263,2023-05-09 01:01:01,91.607,91.628
3266,2023-05-09 01:01:02,91.609,91.63
3269,2023-05-09 01:01:04,91.61,91.631
3270,2023-05-09 01:01:07,91.608,91.629
3271,2023-05-09 01:01:08,91.609,91.63
3272,2023-05-09 01:01:09,91.61,91.631
3273,2023-05-09 01:01:10,91.611,91.632
3274,2023-05-09 01:01:13,91.6115,91.6325
3276,2023-05-09 01:01:16,91.6095,91.6305
3278,2023-05-09 01:01:18,91.60650000000001,91.6275
3280,2023-05-09 01:01:22,91.603,91.624
3283,2023-05-09 01:01:26,91.6035,91.6245
3285,2023-05-09 01:01:27,91.6045,91.6255
3287,2023-05-09 01:01:28,91.606,91.627
3288,2023-05-09 01:01:31,91.611,91.632
3291,2023-05-09 01:01:33,91.611,91.632
3292,2023-05-09 01:01:35,91.61,91.631
3293,2023-05-09 01:01:39,91.611,91.632
3294,2023-05-09 01:01:49,91.613,91.634
3297,2023-05-09 01:01:50,91.609,91.63
3300,2023-05-09 01:01:52,91.6055,91.6265
3302,2023-05-09 01:01:53,91.606,91.627
3303,2023-05-09 01:01:54,91.605,91.626
3304,2023-05-09 01:01:55,91.607,91.628
3306,2023-05-09 01:01:57,91.60849999999999,91.62950000000001
3308,2023-05-09 01:01:58,91.606,91.627
3309,2023-05-09 01:01:59,91.603,91.624
3312,2023-05-09 01:02:00,91.605,91.626
3315,2023-05-09 01:02:01,91.60849999999999,91.62950000000001
3317,2023-05-09 01:02:02,91.60849999999999,91.62950000000001
3319,2023-05-09 01:02:05,91.611,91.632
3320,2023-05-09 01:02:07,91.61,91.631
3321,2023-05-09 01:02:17,91.612,91.633
3322,2023-05-09 01:02:18,91.6105,91.6315
3324,2023-05-09 01:02:19,91.61,91.631
3325,2023-05-09 01:02:21,91.611,91.632
3326,2023-05-09 01:02:23,91.61099999999999,91.632
3328,2023-05-09 01:02:25,91.6075,91.6285
3330,2023-05-09 01:02:27,91.605,91.626
3331,2023-05-09 01:02:28,91.606,91.627
3332,2023-05-09 01:02:30,91.605,91.626
3333,2023-05-09 01:02:31,91.606,91.627
3334,2023-05-09 01:02:33,91.605,91.626
3335,2023-05-09 01:02:35,91.603,91.624
3336,2023-05-09 01:02:36,91.602,91.623
3337,2023-05-09 01:02:37,91.6015,91.6225
3339,2023-05-09 01:02:38,91.6015,91.6225
3341,2023-05-09 01:02:39,91.601,91.622
3344,2023-05-09 01:02:41,91.599,91.62
3345,2023-05-09 01:02:44,91.6,91.621
3346,2023-05-09 01:02:48,91.601,91.622
3347,2023-05-09 01:02:49,91.6,91.621
3348,2023-05-09 01:02:51,91.601,91.622
3349,2023-05-09 01:02:52,91.6,91.621
3350,2023-05-09 01:02:53,91.6005,91.6215
3352,2023-05-09 01:02:54,91.6005,91.6215
3354,2023-05-09 01:02:55,91.601,91.622
3355,2023-05-09 01:02:56,91.6,91.621
3356,2023-05-09 01:02:57,91.6005,91.6215
3358,2023-05-09 01:03:00,91.599,91.62
3359,2023-05-09 01:03:01,91.6005,91.6215
3363,2023-05-09 01:03:04,91.5995,91.62049999999999
3365,2023-05-09 01:03:05,91.5995,91.62049999999999
3367,2023-05-09 01:03:06,91.596,91.617
3368,2023-05-09 01:03:07,91.595,91.616
3369,2023-05-09 01:03:08,91.594,91.615
3370,2023-05-09 01:03:12,91.594,91.615
3373,2023-05-09 01:03:13,91.593,91.614
3374,2023-05-09 01:03:14,91.589,91.61
3376,2023-05-09 01:03:15,91.5875,91.60849999999999
3378,2023-05-09 01:03:16,91.5865,91.6075
3380,2023-05-09 01:03:17,91.586,91.607
3382,2023-05-09 01:03:18,91.585,91.606
3383,2023-05-09 01:03:19,91.5875,91.60849999999999
3385,2023-05-09 01:03:21,91.59049999999999,91.6115
3387,2023-05-09 01:03:22,91.5935,91.61449999999999
3389,2023-05-09 01:03:23,91.593,91.614
3390,2023-05-09 01:03:26,91.593,91.614
3393,2023-05-09 01:03:27,91.597,91.618
3394,2023-05-09 01:03:28,91.596,91.617
3395,2023-05-09 01:03:29,91.597,91.618
3398,2023-05-09 01:03:30,91.599,91.62
3399,2023-05-09 01:03:32,91.598,91.619
3400,2023-05-09 01:03:47,91.596,91.617
3401,2023-05-09 01:03:48,91.595,91.616
3402,2023-05-09 01:03:49,91.5955,91.6165
3404,2023-05-09 01:03:52,91.597,91.618
3405,2023-05-09 01:03:53,91.5985,91.6195
3407,2023-05-09 01:03:54,91.6,91.621
3408,2023-05-09 01:03:56,91.599,91.62
3409,2023-05-09 01:03:58,91.598,91.619
3410,2023-05-09 01:03:59,91.599,91.62
3411,2023-05-09 01:04:00,91.6015,91.6225
3413,2023-05-09 01:04:01,91.601,91.622
3414,2023-05-09 01:04:02,91.60249999999999,91.6235
3416,2023-05-09 01:04:03,91.6045,91.6255
3418,2023-05-09 01:04:04,91.6055,91.6265
3420,2023-05-09 01:04:05,91.604,91.625
3421,2023-05-09 01:04:06,91.602,91.62299999999999
3423,2023-05-09 01:04:07,91.602,91.623
3424,2023-05-09 01:04:09,91.603,91.624
3425,2023-05-09 01:04:10,91.601,91.622
3428,2023-05-09 01:04:11,91.6,91.62100000000001
3430,2023-05-09 01:04:12,91.602,91.623
3431,2023-05-09 01:04:13,91.6005,91.6215
3433,2023-05-09 01:04:15,91.603,91.624
3434,2023-05-09 01:04:16,91.605,91.626
3435,2023-05-09 01:04:24,91.606,91.627
3436,2023-05-09 01:04:25,91.6055,91.6265
3438,2023-05-09 01:04:26,91.608,91.629
3439,2023-05-09 01:04:27,91.609,91.63
3440,2023-05-09 01:04:29,91.608,91.629
3441,2023-05-09 01:04:31,91.607,91.628
3442,2023-05-09 01:04:35,91.6065,91.6275
3444,2023-05-09 01:04:37,91.606,91.627
3445,2023-05-09 01:04:39,91.6035,91.6245
3447,2023-05-09 01:04:40,91.605,91.626
3448,2023-05-09 01:04:41,91.608,91.629
3449,2023-05-09 01:04:42,91.6105,91.6315
3451,2023-05-09 01:04:44,91.613,91.634
3452,2023-05-09 01:04:46,91.614,91.635
3453,2023-05-09 01:04:47,91.615,91.636
3454,2023-05-09 01:04:48,91.616,91.637
3455,2023-05-09 01:04:49,91.615,91.636
3456,2023-05-09 01:04:50,91.6155,91.6365
3458,2023-05-09 01:04:53,91.6135,91.6345
3460,2023-05-09 01:04:59,91.6125,91.6335
3462,2023-05-09 01:05:00,91.612,91.633
3463,2023-05-09 01:05:02,91.611,91.632
3464,2023-05-09 01:05:03,91.612,91.633
3465,2023-05-09 01:05:06,91.611,91.632
3466,2023-05-09 01:05:07,91.60849999999999,91.62950000000001
3468,2023-05-09 01:05:08,91.6045,91.6255
3470,2023-05-09 01:05:09,91.603,91.624
3473,2023-05-09 01:05:10,91.599,91.62
3474,2023-05-09 01:05:11,91.598,91.619
3475,2023-05-09 01:05:15,91.601,91.622
3478,2023-05-09 01:05:16,91.605,91.626
3481,2023-05-09 01:05:17,91.604,91.625
3484,2023-05-09 01:05:19,91.606,91.627
3485,2023-05-09 01:05:20,91.6055,91.6265
3487,2023-05-09 01:05:21,91.605,91.626
3488,2023-05-09 01:05:22,91.6045,91.6255
3490,2023-05-09 01:05:24,91.605,91.626
3493,2023-05-09 01:05:25,91.605,91.626
3494,2023-05-09 01:05:27,91.604,91.625
3495,2023-05-09 01:05:28,91.605,91.626
3496,2023-05-09 01:05:29,91.604,91.625
3497,2023-05-09 01:05:30,91.603,91.624
3498,2023-05-09 01:05:37,91.604,91.625
3499,2023-05-09 01:05:38,91.5985,91.6195
3501,2023-05-09 01:05:39,91.599,91.62
3502,2023-05-09 01:05:40,91.6,91.621
3503,2023-05-09 01:05:42,91.599,91.62
3504,2023-05-09 01:05:43,91.6005,91.6215
3506,2023-05-09 01:05:44,91.6,91.621
3507,2023-05-09 01:05:45,91.6005,91.6215
3509,2023-05-09 01:05:48,91.603,91.624
3510,2023-05-09 01:05:50,91.6045,91.6255
3512,2023-05-09 01:05:52,91.605,91.626
3513,2023-05-09 01:05:53,91.604,91.625
3514,2023-05-09 01:05:58,91.6,91.621
3515,2023-05-09 01:05:59,91.599,91.62
3516,2023-05-09 01:06:00,91.602,91.623
3519,2023-05-09 01:06:01,91.601,91.622
3520,2023-05-09 01:06:05,91.603,91.624
3521,2023-05-09 01:06:07,91.6,91.621
3524,2023-05-09 01:06:09,91.5995,91.62049999999999
3526,2023-05-09 01:06:11,91.5985,91.6195
3528,2023-05-09 01:06:16,91.6,91.621
3529,2023-05-09 01:06:19,91.599,91.62
3530,2023-05-09 01:06:20,91.6,91.621
3531,2023-05-09 01:06:21,91.599,91.62
3532,2023-05-09 01:06:22,91.598,91.619
3533,2023-05-09 01:06:23,91.599,91.62
3534,2023-05-09 01:06:24,91.598,91.619
3535,2023-05-09 01:06:25,91.5985,91.6195
3537,2023-05-09 01:06:27,91.595,91.616
3539,2023-05-09 01:06:28,91.593,91.614
3540,2023-05-09 01:06:29,91.591,91.612
3542,2023-05-09 01:06:30,91.589,91.61
3545,2023-05-09 01:06:31,91.59,91.611
3548,2023-05-09 01:06:32,91.588,91.609
3549,2023-05-09 01:06:33,91.589,91.61
3550,2023-05-09 01:06:36,91.588,91.609
3553,2023-05-09 01:06:37,91.59,91.61099999999999
3555,2023-05-09 01:06:38,91.5875,91.60849999999999
3557,2023-05-09 01:06:39,91.5865,91.6075
3559,2023-05-09 01:06:40,91.586,91.607
3562,2023-05-09 01:06:42,91.585,91.606
3565,2023-05-09 01:06:44,91.5855,91.6065
3567,2023-05-09 01:06:46,91.5855,91.6065
3569,2023-05-09 01:06:47,91.586,91.607
3570,2023-05-09 01:06:48,91.5855,91.6065
3572,2023-05-09 01:06:51,91.585,91.606
3573,2023-05-09 01:06:52,91.586,91.607
3574,2023-05-09 01:06:54,91.587,91.608
3575,2023-05-09 01:06:55,91.589,91.61
3577,2023-05-09 01:06:56,91.588,91.60900000000001
3579,2023-05-09 01:06:57,91.586,91.607
3580,2023-05-09 01:06:58,91.587,91.608
3581,2023-05-09 01:07:00,91.5865,91.6075
3585,2023-05-09 01:07:01,91.5865,91.6075
3587,2023-05-09 01:07:02,91.5855,91.6065
3589,2023-05-09 01:07:03,91.5855,91.6065
3591,2023-05-09 01:07:05,91.585,91.606
3594,2023-05-09 01:07:11,91.586,91.607
3595,2023-05-09 01:07:13,91.585,91.606
3596,2023-05-09 01:07:14,91.5795,91.6005
3598,2023-05-09 01:07:15,91.57849999999999,91.5995
3600,2023-05-09 01:07:16,91.58,91.601
3601,2023-05-09 01:07:17,91.5755,91.59649999999999
3603,2023-05-09 01:07:19,91.571,91.592
3605,2023-05-09 01:07:20,91.572,91.593
3606,2023-05-09 01:07:21,91.571,91.592
3607,2023-05-09 01:07:22,91.573,91.594
3608,2023-05-09 01:07:24,91.5745,91.5955
3612,2023-05-09 01:07:25,91.58,91.601
3615,2023-05-09 01:07:26,91.5805,91.6015
3617,2023-05-09 01:07:27,91.582,91.60300000000001
3619,2023-05-09 01:07:29,91.584,91.605
3620,2023-05-09 01:07:30,91.5835,91.6045
3622,2023-05-09 01:07:31,91.584,91.60499999999999
3624,2023-05-09 01:07:32,91.5855,91.60650000000001
3626,2023-05-09 01:07:33,91.59,91.611
3629,2023-05-09 01:07:35,91.588,91.609
3630,2023-05-09 01:07:36,91.587,91.608
3631,2023-05-09 01:07:50,91.588,91.609
3632,2023-05-09 01:07:51,91.586,91.607
3633,2023-05-09 01:07:54,91.585,91.606
3634,2023-05-09 01:07:57,91.5855,91.6065
3636,2023-05-09 01:07:58,91.586,91.607
3637,2023-05-09 01:07:59,91.585,91.606
3638,2023-05-09 01:08:00,91.5825,91.6035
3640,2023-05-09 01:08:01,91.576,91.597
3641,2023-05-09 01:08:02,91.5765,91.5975
3643,2023-05-09 01:08:03,91.5765,91.5975
3645,2023-05-09 01:08:06,91.5765,91.5975
3647,2023-05-09 01:08:07,91.575,91.596
3648,2023-05-09 01:08:08,91.573,91.594
3649,2023-05-09 01:08:09,91.5735,91.5945
3651,2023-05-09 01:08:10,91.572,91.593
3652,2023-05-09 01:08:12,91.573,91.594
3653,2023-05-09 01:08:13,91.572,91.593
3654,2023-05-09 01:08:14,91.56899999999999,91.59
3656,2023-05-09 01:08:16,91.57,91.591
3657,2023-05-09 01:08:17,91.5675,91.5885
3659,2023-05-09 01:08:18,91.566,91.587
3660,2023-05-09 01:08:20,91.56700000000001,91.588
3662,2023-05-09 01:08:21,91.567,91.588
3663,2023-05-09 01:08:22,91.566,91.587
3664,2023-05-09 01:08:27,91.567,91.588
3665,2023-05-09 01:08:29,91.568,91.589
3666,2023-05-09 01:08:30,91.562,91.583
3667,2023-05-09 01:08:31,91.563,91.584
3668,2023-05-09 01:08:32,91.564,91.585
3669,2023-05-09 01:08:33,91.5655,91.5865
3671,2023-05-09 01:08:37,91.565,91.586
3672,2023-05-09 01:08:38,91.56,91.581
3673,2023-05-09 01:08:39,91.5595,91.5805
3675,2023-05-09 01:08:42,91.561,91.582
3676,2023-05-09 01:08:43,91.559,91.58
3679,2023-05-09 01:08:44,91.5595,91.5805
3681,2023-05-09 01:08:46,91.559,91.58
3682,2023-05-09 01:08:47,91.558,91.579
3683,2023-05-09 01:08:48,91.559,91.58
3684,2023-05-09 01:08:52,91.56,91.581
3685,2023-05-09 01:08:53,91.559,91.58
3686,2023-05-09 01:08:54,91.56,91.581
3687,2023-05-09 01:08:55,91.559,91.58
3688,2023-05-09 01:08:57,91.56,91.581
3689,2023-05-09 01:08:58,91.55850000000001,91.5795
3691,2023-05-09 01:08:59,91.558,91.579
3694,2023-05-09 01:09:00,91.5575,91.57849999999999
3696,2023-05-09 01:09:02,91.558,91.579
3697,2023-05-09 01:09:03,91.5575,91.57849999999999
3699,2023-05-09 01:09:04,91.559,91.58
3700,2023-05-09 01:09:06,91.56,91.581
3701,2023-05-09 01:09:09,91.5635,91.58449999999999
3705,2023-05-09 01:09:10,91.571,91.592
3708,2023-05-09 01:09:12,91.57149999999999,91.5925
3712,2023-05-09 01:09:13,91.57,91.591
3713,2023-05-09 01:09:14,91.569,91.59
3714,2023-05-09 01:09:15,91.5695,91.59049999999999
3716,2023-05-09 01:09:17,91.57,91.591
3717,2023-05-09 01:09:20,91.569,91.59
3718,2023-05-09 01:09:21,91.57300000000001,91.594
3720,2023-05-09 01:09:22,91.575,91.596
3721,2023-05-09 01:09:24,91.579,91.6
3722,2023-05-09 01:09:26,91.57849999999999,91.5995
3724,2023-05-09 01:09:27,91.582,91.603
3727,2023-05-09 01:09:28,91.58449999999999,91.6055
3729,2023-05-09 01:09:31,91.5865,91.6075
3731,2023-05-09 01:09:34,91.586,91.607
3732,2023-05-09 01:09:36,91.585,91.606
3733,2023-05-09 01:09:39,91.586,91.607
3734,2023-05-09 01:09:40,91.587,91.608
3735,2023-05-09 01:09:42,91.586,91.607
3736,2023-05-09 01:09:46,91.5855,91.6065
3738,2023-05-09 01:09:52,91.5865,91.6075
3740,2023-05-09 01:09:53,91.587,91.608
3741,2023-05-09 01:09:54,91.586,91.607
3742,2023-05-09 01:09:55,91.587,91.608
3743,2023-05-09 01:09:58,91.5915,91.6125
3745,2023-05-09 01:09:59,91.594,91.615
3746,2023-05-09 01:10:00,91.5935,91.61449999999999
3748,2023-05-09 01:10:02,91.5935,91.61449999999999
3750,2023-05-09 01:10:11,91.5985,91.6195
3752,2023-05-09 01:10:13,91.6,91.621
3753,2023-05-09 01:10:14,91.599,91.62
3754,2023-05-09 01:10:15,91.6,91.621
3755,2023-05-09 01:10:17,91.5995,91.62049999999999
3757,2023-05-09 01:10:19,91.594,91.615
3760,2023-05-09 01:10:20,91.587,91.608
3761,2023-05-09 01:10:21,91.586,91.607
3762,2023-05-09 01:10:22,91.586,91.607
3764,2023-05-09 01:10:23,91.5865,91.6075
3766,2023-05-09 01:10:24,91.585,91.606
3767,2023-05-09 01:10:27,91.586,91.607
3768,2023-05-09 01:10:29,91.59049999999999,91.6115
3770,2023-05-09 01:10:30,91.588,91.609
3771,2023-05-09 01:10:34,91.588,91.609
3774,2023-05-09 01:10:35,91.587,91.608
3777,2023-05-09 01:10:36,91.5875,91.60849999999999
3779,2023-05-09 01:10:37,91.5855,91.6065
3781,2023-05-09 01:10:39,91.58449999999999,91.6055
3783,2023-05-09 01:10:44,91.58500000000001,91.606
3785,2023-05-09 01:10:45,91.585,91.606
3786,2023-05-09 01:10:50,91.5875,91.60849999999999
3788,2023-05-09 01:10:52,91.59049999999999,91.6115
3790,2023-05-09 01:10:54,91.589,91.61
3791,2023-05-09 01:10:56,91.591,91.612
3794,2023-05-09 01:10:58,91.591,91.612
3795,2023-05-09 01:10:59,91.5915,91.6125
3797,2023-05-09 01:11:00,91.591,91.612
3798,2023-05-09 01:11:06,91.592,91.613
3799,2023-05-09 01:11:08,91.594,91.615
3800,2023-05-09 01:11:13,91.591,91.612
3801,2023-05-09 01:11:17,91.5925,91.6135
3803,2023-05-09 01:11:21,91.597,91.618
3804,2023-05-09 01:11:22,91.598,91.619
3805,2023-05-09 01:11:36,91.5935,91.61449999999999
3807,2023-05-09 01:11:40,91.5925,91.6135
3809,2023-05-09 01:11:42,91.5865,91.6075
3811,2023-05-09 01:11:43,91.5855,91.6065
3813,2023-05-09 01:11:47,91.584,91.605
3814,2023-05-09 01:11:49,91.586,91.607
3817,2023-05-09 01:11:50,91.5865,91.6075
3819,2023-05-09 01:11:56,91.588,91.609
3820,2023-05-09 01:11:59,91.587,91.608
3821,2023-05-09 01:12:00,91.5875,91.60849999999999
3823,2023-05-09 01:12:01,91.5875,91.60849999999999
3825,2023-05-09 01:12:02,91.5925,91.6135
3827,2023-05-09 01:12:06,91.592,91.613
3828,2023-05-09 01:12:11,91.593,91.614
3829,2023-05-09 01:12:12,91.5915,91.6125
3831,2023-05-09 01:12:13,91.592,91.613
3832,2023-05-09 01:12:16,91.591,91.612
3833,2023-05-09 01:12:18,91.592,91.613
3834,2023-05-09 01:12:21,91.594,91.615
3835,2023-05-09 01:12:22,91.593,91.614
3836,2023-05-09 01:12:23,91.5935,91.61449999999999
3838,2023-05-09 01:12:24,91.594,91.615
3839,2023-05-09 01:12:27,91.5945,91.6155
3841,2023-05-09 01:12:29,91.595,91.616
3842,2023-05-09 01:12:30,91.594,91.615
3843,2023-05-09 01:12:31,91.591,91.612
3844,2023-05-09 01:12:34,91.5935,91.61449999999999
3846,2023-05-09 01:12:43,91.59649999999999,91.6175
3848,2023-05-09 01:12:44,91.5985,91.6195
3850,2023-05-09 01:12:46,91.5985,91.6195
3852,2023-05-09 01:12:53,91.6,91.621
3853,2023-05-09 01:12:54,91.599,91.62
3854,2023-05-09 01:12:58,91.6,91.621
3855,2023-05-09 01:13:00,91.6,91.621
3856,2023-05-09 01:13:01,91.601,91.622
3857,2023-05-09 01:13:02,91.6005,91.6215
3859,2023-05-09 01:13:09,91.6,91.621
3860,2023-05-09 01:13:10,91.601,91.622
3863,2023-05-09 01:13:12,91.602,91.623
3864,2023-05-09 01:13:13,91.601,91.622
3865,2023-05-09 01:13:14,91.6045,91.62549999999999
3867,2023-05-09 01:13:15,91.607,91.628
3868,2023-05-09 01:13:17,91.608,91.629
3869,2023-05-09 01:13:18,91.607,91.628
3870,2023-05-09 01:13:22,91.602,91.623
3873,2023-05-09 01:13:24,91.605,91.626
3876,2023-05-09 01:13:27,91.606,91.627
3877,2023-05-09 01:13:28,91.607,91.628
3878,2023-05-09 01:13:31,91.609,91.63
3879,2023-05-09 01:13:32,91.605,91.626
3882,2023-05-09 01:13:33,91.603,91.624
3883,2023-05-09 01:13:37,91.604,91.625
3886,2023-05-09 01:13:41,91.61,91.631
3888,2023-05-09 01:13:42,91.611,91.632
3889,2023-05-09 01:13:43,91.609,91.63
3892,2023-05-09 01:13:46,91.614,91.63499999999999
