,time,bid,ask
0,2023-05-09 00:00:01,101.006,101.029
5,2023-05-09 00:00:02,101.004,101.027
8,2023-05-09 00:00:03,101.00450000000001,101.0275
10,2023-05-09 00:00:05,101.003,101.026
11,2023-05-09 00:00:06,101.004,101.027
12,2023-05-09 00:00:08,101.008,101.031
13,2023-05-09 00:00:09,101.012,101.035
15,2023-05-09 00:00:10,101.017,101.03999999999999
17,2023-05-09 00:00:11,101.019,101.042
18,2023-05-09 00:00:12,101.0265,101.0495
20,2023-05-09 00:00:13,101.028,101.051
23,2023-05-09 00:00:14,101.027,101.05
24,2023-05-09 00:00:15,101.026,101.049
25,2023-05-09 00:00:16,101.025,101.048
26,2023-05-09 00:00:30,101.03,101.053
29,2023-05-09 00:00:31,101.034,101.057
32,2023-05-09 00:00:32,101.04650000000001,101.0695
34,2023-05-09 00:00:33,101.04249999999999,101.06549999999999
36,2023-05-09 00:00:34,101.042,101.065
37,2023-05-09 00:00:36,101.0365,101.0595
39,2023-05-09 00:00:38,101.033,101.056
40,2023-05-09 00:00:40,101.03450000000001,101.0575
42,2023-05-09 00:00:41,101.033,101.056
43,2023-05-09 00:00:42,101.0335,101.0565
45,2023-05-09 00:00:44,101.034,101.057
46,2023-05-09 00:00:46,101.036,101.059
47,2023-05-09 00:00:47,101.039,101.062
50,2023-05-09 00:00:48,101.0395,101.0625
52,2023-05-09 00:00:49,101.03999999999999,101.06299999999999
54,2023-05-09 00:00:51,101.042,101.065
58,2023-05-09 00:00:52,101.04650000000001,101.0695
60,2023-05-09 00:00:53,101.043,101.066
61,2023-05-09 00:00:54,101.045,101.068
64,2023-05-09 00:00:55,101.049,101.072
65,2023-05-09 00:00:57,101.0515,101.0745
67,2023-05-09 00:00:58,101.05250000000001,101.0755
69,2023-05-09 00:00:59,101.0515,101.0745
71,2023-05-09 00:01:00,101.0595,101.0825
75,2023-05-09 00:01:02,101.06299999999999,101.086
77,2023-05-09 00:01:03,101.067,101.09
78,2023-05-09 00:01:04,101.0685,101.0915
80,2023-05-09 00:01:05,101.065,101.088
81,2023-05-09 00:01:06,101.0705,101.0935
83,2023-05-09 00:01:09,101.07,101.093
84,2023-05-09 00:01:10,101.066,101.089
87,2023-05-09 00:01:11,101.0645,101.0875
89,2023-05-09 00:01:12,101.0635,101.0865
91,2023-05-09 00:01:14,101.064,101.08699999999999
93,2023-05-09 00:01:17,101.0595,101.0825
95,2023-05-09 00:01:18,101.05850000000001,101.0815
97,2023-05-09 00:01:19,101.05850000000001,101.0815
99,2023-05-09 00:01:20,101.0685,101.0915
101,2023-05-09 00:01:22,101.069,101.092
102,2023-05-09 00:01:24,101.07,101.093
105,2023-05-09 00:01:25,101.069,101.092
106,2023-05-09 00:01:26,101.07,101.093
107,2023-05-09 00:01:27,101.0685,101.0915
109,2023-05-09 00:01:30,101.067,101.09
110,2023-05-09 00:01:31,101.071,101.094
113,2023-05-09 00:01:32,101.0765,101.0995
115,2023-05-09 00:01:33,101.074,101.097
116,2023-05-09 00:01:34,101.075,101.098
117,2023-05-09 00:01:35,101.077,101.1
118,2023-05-09 00:01:40,101.075,101.098
119,2023-05-09 00:01:41,101.068,101.091
120,2023-05-09 00:01:42,101.069,101.092
121,2023-05-09 00:01:43,101.07,101.093
124,2023-05-09 00:01:44,101.073,101.096
125,2023-05-09 00:01:45,101.0695,101.0925
127,2023-05-09 00:01:47,101.0695,101.0925
129,2023-05-09 00:01:48,101.065,101.088
131,2023-05-09 00:01:49,101.065,101.088
132,2023-05-09 00:01:50,101.058,101.081
135,2023-05-09 00:01:51,101.051,101.074
137,2023-05-09 00:01:52,101.0545,101.0775
139,2023-05-09 00:01:53,101.053,101.076
140,2023-05-09 00:01:55,101.054,101.077
141,2023-05-09 00:01:56,101.055,101.078
142,2023-05-09 00:01:58,101.0575,101.0805
144,2023-05-09 00:01:59,101.057,101.08
145,2023-05-09 00:02:00,101.056,101.079
148,2023-05-09 00:02:01,101.059,101.082
149,2023-05-09 00:02:02,101.06,101.083
150,2023-05-09 00:02:03,101.059,101.082
151,2023-05-09 00:02:05,101.05850000000001,101.0815
153,2023-05-09 00:02:06,101.058,101.081
154,2023-05-09 00:02:07,101.055,101.078
155,2023-05-09 00:02:08,101.056,101.079
156,2023-05-09 00:02:09,101.057,101.08
159,2023-05-09 00:02:10,101.056,101.079
160,2023-05-09 00:02:11,101.05600000000001,101.07900000000001
162,2023-05-09 00:02:12,101.056,101.079
163,2023-05-09 00:02:13,101.057,101.08
166,2023-05-09 00:02:14,101.054,101.077
169,2023-05-09 00:02:15,101.057,101.08
172,2023-05-09 00:02:16,101.05850000000001,101.0815
174,2023-05-09 00:02:18,101.06,101.083
175,2023-05-09 00:02:21,101.061,101.084
176,2023-05-09 00:02:22,101.062,101.085
177,2023-05-09 00:02:23,101.061,101.084
178,2023-05-09 00:02:24,101.0595,101.0825
180,2023-05-09 00:02:26,101.0595,101.0825
182,2023-05-09 00:02:28,101.056,101.079
183,2023-05-09 00:02:29,101.055,101.078
184,2023-05-09 00:02:30,101.0575,101.0805
186,2023-05-09 00:02:31,101.059,101.082
187,2023-05-09 00:02:33,101.058,101.081
188,2023-05-09 00:02:34,101.0565,101.0795
190,2023-05-09 00:02:35,101.057,101.08
191,2023-05-09 00:02:37,101.067,101.09
194,2023-05-09 00:02:38,101.07,101.093
195,2023-05-09 00:02:39,101.06649999999999,101.0895
197,2023-05-09 00:02:42,101.065,101.088
198,2023-05-09 00:02:44,101.0685,101.0915
200,2023-05-09 00:02:46,101.0645,101.0875
202,2023-05-09 00:02:47,101.064,101.087
203,2023-05-09 00:02:49,101.063,101.086
204,2023-05-09 00:02:53,101.06049999999999,101.08349999999999
206,2023-05-09 00:02:54,101.055,101.078
209,2023-05-09 00:02:55,101.048,101.071
210,2023-05-09 00:02:56,101.049,101.072
211,2023-05-09 00:02:58,101.051,101.074
212,2023-05-09 00:02:59,101.052,101.075
213,2023-05-09 00:03:00,101.0545,101.0775
215,2023-05-09 00:03:01,101.056,101.079
216,2023-05-09 00:03:02,101.057,101.08
217,2023-05-09 00:03:06,101.058,101.081
218,2023-05-09 00:03:09,101.063,101.086
219,2023-05-09 00:03:16,101.057,101.08
221,2023-05-09 00:03:17,101.057,101.08
222,2023-05-09 00:03:20,101.056,101.079
223,2023-05-09 00:03:21,101.055,101.078
224,2023-05-09 00:03:22,101.059,101.082
225,2023-05-09 00:03:27,101.058,101.081
226,2023-05-09 00:03:28,101.059,101.082
227,2023-05-09 00:03:30,101.0595,101.0825
229,2023-05-09 00:03:31,101.058,101.081
230,2023-05-09 00:03:35,101.0595,101.0825
232,2023-05-09 00:03:36,101.058,101.081
233,2023-05-09 00:03:44,101.0625,101.0855
235,2023-05-09 00:03:45,101.066,101.089
236,2023-05-09 00:03:46,101.0645,101.0875
238,2023-05-09 00:03:50,101.063,101.086
239,2023-05-09 00:03:51,101.062,101.085
240,2023-05-09 00:03:52,101.0625,101.0855
242,2023-05-09 00:03:53,101.0745,101.0975
244,2023-05-09 00:03:55,101.072,101.095
247,2023-05-09 00:03:56,101.064,101.087
248,2023-05-09 00:03:58,101.063,101.086
249,2023-05-09 00:03:59,101.059,101.082
251,2023-05-09 00:04:00,101.0605,101.0835
253,2023-05-09 00:04:02,101.06649999999999,101.08949999999999
255,2023-05-09 00:04:03,101.07300000000001,101.096
257,2023-05-09 00:04:04,101.07,101.093
258,2023-05-09 00:04:05,101.069,101.092
259,2023-05-09 00:04:11,101.07,101.093
260,2023-05-09 00:04:12,101.0755,101.0985
262,2023-05-09 00:04:13,101.0775,101.1005
264,2023-05-09 00:04:15,101.073,101.096
265,2023-05-09 00:04:16,101.06649999999999,101.0895
269,2023-05-09 00:04:18,101.067,101.09
270,2023-05-09 00:04:19,101.066,101.089
271,2023-05-09 00:04:21,101.06649999999999,101.0895
273,2023-05-09 00:04:22,101.067,101.09
274,2023-05-09 00:04:23,101.066,101.089
275,2023-05-09 00:04:25,101.059,101.082
277,2023-05-09 00:04:27,101.057,101.08
280,2023-05-09 00:04:29,101.054,101.077
281,2023-05-09 00:04:31,101.0565,101.0795
283,2023-05-09 00:04:32,101.0575,101.0805
285,2023-05-09 00:04:33,101.058,101.081
286,2023-05-09 00:04:36,101.057,101.08
287,2023-05-09 00:04:39,101.056,101.079
288,2023-05-09 00:04:40,101.062,101.085
289,2023-05-09 00:04:41,101.067,101.09
290,2023-05-09 00:04:42,101.068,101.091
291,2023-05-09 00:04:47,101.074,101.097
294,2023-05-09 00:04:48,101.07,101.093
297,2023-05-09 00:04:53,101.07,101.093
298,2023-05-09 00:04:54,101.076,101.099
299,2023-05-09 00:04:58,101.075,101.098
300,2023-05-09 00:05:00,101.075,101.098
301,2023-05-09 00:05:05,101.072,101.095
302,2023-05-09 00:05:06,101.074,101.097
303,2023-05-09 00:05:07,101.0735,101.09649999999999
305,2023-05-09 00:05:09,101.072,101.095
307,2023-05-09 00:05:11,101.0735,101.09649999999999
309,2023-05-09 00:05:12,101.076,101.099
312,2023-05-09 00:05:13,101.0765,101.0995
314,2023-05-09 00:05:14,101.077,101.1
315,2023-05-09 00:05:17,101.083,101.106
318,2023-05-09 00:05:18,101.088,101.11099999999999
320,2023-05-09 00:05:19,101.094,101.117
321,2023-05-09 00:05:20,101.093,101.116
322,2023-05-09 00:05:21,101.094,101.117
323,2023-05-09 00:05:22,101.092,101.11500000000001
325,2023-05-09 00:05:23,101.09,101.113
326,2023-05-09 00:05:25,101.085,101.108
327,2023-05-09 00:05:26,101.082,101.105
328,2023-05-09 00:05:27,101.0885,101.1115
330,2023-05-09 00:05:28,101.08850000000001,101.1115
332,2023-05-09 00:05:29,101.088,101.111
333,2023-05-09 00:05:30,101.09,101.113
334,2023-05-09 00:05:32,101.095,101.118
338,2023-05-09 00:05:33,101.0945,101.1175
340,2023-05-09 00:05:37,101.093,101.116
341,2023-05-09 00:05:38,101.094,101.117
342,2023-05-09 00:05:39,101.09,101.113
343,2023-05-09 00:05:40,101.091,101.114
344,2023-05-09 00:05:41,101.089,101.112
347,2023-05-09 00:05:42,101.091,101.114
348,2023-05-09 00:05:44,101.09,101.113
349,2023-05-09 00:05:45,101.089,101.112
350,2023-05-09 00:05:47,101.0875,101.1105
352,2023-05-09 00:05:48,101.08449999999999,101.1075
354,2023-05-09 00:05:50,101.0815,101.1045
356,2023-05-09 00:05:51,101.082,101.105
357,2023-05-09 00:05:52,101.084,101.107
358,2023-05-09 00:05:55,101.085,101.108
359,2023-05-09 00:06:00,101.08449999999999,101.1075
361,2023-05-09 00:06:01,101.084,101.107
362,2023-05-09 00:06:09,101.09049999999999,101.1135
364,2023-05-09 00:06:12,101.09,101.113
365,2023-05-09 00:06:13,101.091,101.114
366,2023-05-09 00:06:14,101.092,101.115
369,2023-05-09 00:06:15,101.088,101.111
370,2023-05-09 00:06:17,101.089,101.112
371,2023-05-09 00:06:18,101.088,101.111
372,2023-05-09 00:06:21,101.0885,101.1115
374,2023-05-09 00:06:22,101.086,101.109
375,2023-05-09 00:06:29,101.088,101.111
376,2023-05-09 00:06:30,101.087,101.11
377,2023-05-09 00:06:32,101.09,101.113
378,2023-05-09 00:06:33,101.0865,101.1095
380,2023-05-09 00:06:36,101.0875,101.1105
382,2023-05-09 00:06:37,101.086,101.109
383,2023-05-09 00:06:39,101.084,101.107
385,2023-05-09 00:06:41,101.082,101.105
386,2023-05-09 00:06:43,101.083,101.106
387,2023-05-09 00:06:46,101.08449999999999,101.1075
389,2023-05-09 00:06:49,101.086,101.109
390,2023-05-09 00:06:50,101.083,101.106
391,2023-05-09 00:06:56,101.086,101.109
392,2023-05-09 00:06:57,101.087,101.11
393,2023-05-09 00:06:58,101.083,101.106
395,2023-05-09 00:06:59,101.091,101.114
396,2023-05-09 00:07:00,101.09299999999999,101.116
398,2023-05-09 00:07:01,101.095,101.118
399,2023-05-09 00:07:02,101.095,101.118
401,2023-05-09 00:07:05,101.094,101.117
402,2023-05-09 00:07:10,101.0935,101.1165
404,2023-05-09 00:07:12,101.093,101.116
407,2023-05-09 00:07:14,101.094,101.117
408,2023-05-09 00:07:15,101.095,101.118
409,2023-05-09 00:07:16,101.0925,101.1155
411,2023-05-09 00:07:18,101.093,101.116
412,2023-05-09 00:07:20,101.096,101.119
413,2023-05-09 00:07:21,101.097,101.12
414,2023-05-09 00:07:22,101.0955,101.1185
416,2023-05-09 00:07:25,101.093,101.116
417,2023-05-09 00:07:29,101.094,101.117
418,2023-05-09 00:07:31,101.097,101.12
421,2023-05-09 00:07:32,101.0955,101.1185
423,2023-05-09 00:07:33,101.0975,101.12049999999999
425,2023-05-09 00:07:34,101.101,101.124
427,2023-05-09 00:07:35,101.101,101.124
428,2023-05-09 00:07:36,101.10249999999999,101.1255
430,2023-05-09 00:07:39,101.102,101.125
431,2023-05-09 00:07:40,101.095,101.118
432,2023-05-09 00:07:41,101.094,101.117
433,2023-05-09 00:07:42,101.0935,101.1165
435,2023-05-09 00:07:43,101.0945,101.1175
437,2023-05-09 00:07:45,101.0945,101.1175
439,2023-05-09 00:07:46,101.0995,101.1225
441,2023-05-09 00:07:47,101.0995,101.1225
445,2023-05-09 00:07:48,101.1,101.123
446,2023-05-09 00:07:52,101.097,101.12
447,2023-05-09 00:07:55,101.099,101.122
451,2023-05-09 00:07:56,101.0985,101.1215
453,2023-05-09 00:07:57,101.1,101.123
454,2023-05-09 00:07:58,101.099,101.122
455,2023-05-09 00:08:00,101.099,101.122
456,2023-05-09 00:08:01,101.1,101.123
457,2023-05-09 00:08:04,101.104,101.127
460,2023-05-09 00:08:05,101.103,101.126
463,2023-05-09 00:08:06,101.1045,101.1275
465,2023-05-09 00:08:08,101.104,101.127
466,2023-05-09 00:08:11,101.103,101.126
467,2023-05-09 00:08:13,101.10050000000001,101.1235
469,2023-05-09 00:08:16,101.098,101.121
470,2023-05-09 00:08:17,101.0995,101.1225
472,2023-05-09 00:08:19,101.103,101.126
473,2023-05-09 00:08:20,101.1075,101.1305
475,2023-05-09 00:08:21,101.111,101.134
476,2023-05-09 00:08:22,101.112,101.135
477,2023-05-09 00:08:23,101.111,101.134
478,2023-05-09 00:08:27,101.109,101.132
479,2023-05-09 00:08:30,101.1075,101.1305
481,2023-05-09 00:08:31,101.106,101.129
482,2023-05-09 00:08:32,101.10849999999999,101.1315
484,2023-05-09 00:08:33,101.107,101.13
485,2023-05-09 00:08:34,101.10849999999999,101.1315
487,2023-05-09 00:08:45,101.11,101.133
488,2023-05-09 00:08:46,101.113,101.136
489,2023-05-09 00:08:47,101.114,101.137
490,2023-05-09 00:08:49,101.113,101.136
491,2023-05-09 00:08:52,101.114,101.137
492,2023-05-09 00:08:59,101.123,101.146
495,2023-05-09 00:09:00,101.1265,101.1495
497,2023-05-09 00:09:01,101.12700000000001,101.15
499,2023-05-09 00:09:02,101.13,101.153
500,2023-05-09 00:09:03,101.12950000000001,101.1525
502,2023-05-09 00:09:04,101.127,101.15
503,2023-05-09 00:09:06,101.126,101.149
504,2023-05-09 00:09:07,101.127,101.15
507,2023-05-09 00:09:09,101.129,101.152
508,2023-05-09 00:09:11,101.128,101.151
509,2023-05-09 00:09:12,101.126,101.149
510,2023-05-09 00:09:13,101.127,101.15
511,2023-05-09 00:09:14,101.1255,101.1485
513,2023-05-09 00:09:15,101.132,101.155
516,2023-05-09 00:09:16,101.134,101.157
517,2023-05-09 00:09:17,101.13,101.15299999999999
519,2023-05-09 00:09:21,101.131,101.154
521,2023-05-09 00:09:22,101.133,101.156
524,2023-05-09 00:09:31,101.131,101.154
525,2023-05-09 00:09:33,101.129,101.152
528,2023-05-09 00:09:35,101.127,101.15
529,2023-05-09 00:09:37,101.128,101.151
530,2023-05-09 00:09:38,101.13,101.153
531,2023-05-09 00:09:39,101.1275,101.1505
533,2023-05-09 00:09:40,101.12950000000001,101.1525
535,2023-05-09 00:09:44,101.1305,101.15350000000001
537,2023-05-09 00:09:45,101.129,101.152
540,2023-05-09 00:09:46,101.131,101.154
541,2023-05-09 00:09:50,101.13,101.153
542,2023-05-09 00:09:52,101.132,101.155
543,2023-05-09 00:09:54,101.1325,101.1555
545,2023-05-09 00:09:55,101.131,101.154
546,2023-05-09 00:09:57,101.125,101.148
547,2023-05-09 00:09:58,101.126,101.149
549,2023-05-09 00:10:00,101.127,101.15
550,2023-05-09 00:10:02,101.128,101.151
551,2023-05-09 00:10:11,101.127,101.15
552,2023-05-09 00:10:12,101.128,101.151
553,2023-05-09 00:10:14,101.127,101.15
554,2023-05-09 00:10:16,101.128,101.151
555,2023-05-09 00:10:20,101.127,101.15
556,2023-05-09 00:10:26,101.1315,101.1545
558,2023-05-09 00:10:28,101.131,101.154
559,2023-05-09 00:10:29,101.1275,101.1505
561,2023-05-09 00:10:30,101.126,101.149
562,2023-05-09 00:10:32,101.1255,101.1485
564,2023-05-09 00:10:33,101.127,101.15
565,2023-05-09 00:10:34,101.128,101.151
566,2023-05-09 00:10:35,101.1285,101.1515
568,2023-05-09 00:10:36,101.129,101.152
569,2023-05-09 00:10:37,101.1325,101.1555
571,2023-05-09 00:10:38,101.134,101.157
572,2023-05-09 00:10:39,101.133,101.156
573,2023-05-09 00:10:40,101.129,101.152
576,2023-05-09 00:10:42,101.12950000000001,101.1525
578,2023-05-09 00:10:43,101.129,101.152
579,2023-05-09 00:10:44,101.128,101.151
580,2023-05-09 00:10:47,101.129,101.152
581,2023-05-09 00:10:48,101.1245,101.14750000000001
583,2023-05-09 00:10:51,101.123,101.146
584,2023-05-09 00:10:54,101.127,101.15
585,2023-05-09 00:10:55,101.1285,101.1515
587,2023-05-09 00:10:56,101.126,101.149
588,2023-05-09 00:10:57,101.127,101.15
589,2023-05-09 00:10:58,101.131,101.154
593,2023-05-09 00:11:00,101.132,101.155
595,2023-05-09 00:11:01,101.13,101.153
596,2023-05-09 00:11:02,101.131,101.154
597,2023-05-09 00:11:03,101.132,101.155
598,2023-05-09 00:11:05,101.1305,101.15350000000001
600,2023-05-09 00:11:08,101.132,101.155
601,2023-05-09 00:11:10,101.12899999999999,101.152
603,2023-05-09 00:11:11,101.125,101.148
604,2023-05-09 00:11:12,101.123,101.146
605,2023-05-09 00:11:13,101.124,101.147
606,2023-05-09 00:11:16,101.12,101.143
608,2023-05-09 00:11:17,101.122,101.145
609,2023-05-09 00:11:18,101.121,101.144
610,2023-05-09 00:11:19,101.122,101.145
611,2023-05-09 00:11:20,101.121,101.144
612,2023-05-09 00:11:21,101.122,101.145
613,2023-05-09 00:11:23,101.1235,101.1465
615,2023-05-09 00:11:25,101.124,101.147
618,2023-05-09 00:11:26,101.126,101.149
619,2023-05-09 00:11:27,101.125,101.148
620,2023-05-09 00:11:30,101.124,101.147
621,2023-05-09 00:11:37,101.129,101.152
624,2023-05-09 00:11:38,101.132,101.155
625,2023-05-09 00:11:40,101.133,101.156
626,2023-05-09 00:11:44,101.1385,101.1615
628,2023-05-09 00:11:45,101.138,101.161
629,2023-05-09 00:11:48,101.139,101.162
630,2023-05-09 00:11:51,101.14,101.163
631,2023-05-09 00:11:52,101.1405,101.1635
633,2023-05-09 00:11:53,101.141,101.164
634,2023-05-09 00:11:58,101.144,101.167
635,2023-05-09 00:11:59,101.1455,101.1685
637,2023-05-09 00:12:00,101.1425,101.16550000000001
639,2023-05-09 00:12:01,101.134,101.157
642,2023-05-09 00:12:02,101.135,101.158
643,2023-05-09 00:12:03,101.14,101.16300000000001
645,2023-05-09 00:12:04,101.142,101.165
646,2023-05-09 00:12:06,101.141,101.164
647,2023-05-09 00:12:07,101.143,101.166
650,2023-05-09 00:12:11,101.14,101.16300000000001
652,2023-05-09 00:12:14,101.142,101.165
653,2023-05-09 00:12:15,101.14150000000001,101.1645
655,2023-05-09 00:12:17,101.14150000000001,101.1645
657,2023-05-09 00:12:20,101.146,101.169
658,2023-05-09 00:12:27,101.1435,101.1665
660,2023-05-09 00:12:30,101.143,101.166
661,2023-05-09 00:12:31,101.1405,101.1635
663,2023-05-09 00:12:33,101.141,101.164
664,2023-05-09 00:12:36,101.1425,101.16550000000001
666,2023-05-09 00:12:39,101.1405,101.1635
668,2023-05-09 00:12:44,101.142,101.165
669,2023-05-09 00:12:45,101.1435,101.1665
671,2023-05-09 00:12:46,101.141,101.164
672,2023-05-09 00:12:47,101.14,101.163
673,2023-05-09 00:12:48,101.144,101.167
674,2023-05-09 00:12:49,101.1445,101.1675
676,2023-05-09 00:12:51,101.145,101.168
677,2023-05-09 00:12:52,101.1505,101.1735
679,2023-05-09 00:12:54,101.153,101.176
680,2023-05-09 00:12:55,101.158,101.181
683,2023-05-09 00:12:57,101.158,101.18100000000001
685,2023-05-09 00:12:58,101.156,101.179
688,2023-05-09 00:12:59,101.155,101.178
691,2023-05-09 00:13:00,101.155,101.178
692,2023-05-09 00:13:01,101.154,101.177
693,2023-05-09 00:13:02,101.155,101.178
694,2023-05-09 00:13:03,101.155,101.178
696,2023-05-09 00:13:04,101.155,101.178
699,2023-05-09 00:13:06,101.159,101.182
700,2023-05-09 00:13:08,101.1605,101.18350000000001
702,2023-05-09 00:13:10,101.159,101.182
703,2023-05-09 00:13:11,101.162,101.185
705,2023-05-09 00:13:12,101.161,101.184
708,2023-05-09 00:13:13,101.16,101.183
709,2023-05-09 00:13:15,101.161,101.184
710,2023-05-09 00:13:16,101.161,101.184
712,2023-05-09 00:13:20,101.158,101.181
713,2023-05-09 00:13:22,101.157,101.18
714,2023-05-09 00:13:23,101.156,101.179
715,2023-05-09 00:13:24,101.156,101.179
717,2023-05-09 00:13:25,101.154,101.177
718,2023-05-09 00:13:26,101.1525,101.1755
720,2023-05-09 00:13:27,101.151,101.174
721,2023-05-09 00:13:29,101.146,101.169
722,2023-05-09 00:13:32,101.145,101.168
723,2023-05-09 00:13:33,101.146,101.169
724,2023-05-09 00:13:34,101.145,101.168
725,2023-05-09 00:13:36,101.146,101.169
726,2023-05-09 00:13:39,101.152,101.175
727,2023-05-09 00:13:42,101.153,101.176
728,2023-05-09 00:13:44,101.151,101.174
729,2023-05-09 00:13:45,101.152,101.175
730,2023-05-09 00:13:48,101.151,101.174
731,2023-05-09 00:13:49,101.147,101.17
734,2023-05-09 00:13:50,101.147,101.17
737,2023-05-09 00:13:51,101.148,101.171
738,2023-05-09 00:13:53,101.147,101.17
739,2023-05-09 00:13:54,101.146,101.169
740,2023-05-09 00:13:55,101.148,101.171
741,2023-05-09 00:14:00,101.148,101.171
742,2023-05-09 00:14:03,101.149,101.172
743,2023-05-09 00:14:04,101.148,101.171
744,2023-05-09 00:14:05,101.1515,101.1745
746,2023-05-09 00:14:09,101.151,101.174
747,2023-05-09 00:14:10,101.152,101.175
748,2023-05-09 00:14:11,101.153,101.176
749,2023-05-09 00:14:13,101.14699999999999,101.17
751,2023-05-09 00:14:18,101.147,101.17
752,2023-05-09 00:14:19,101.1485,101.17150000000001
754,2023-05-09 00:14:20,101.15,101.173
755,2023-05-09 00:14:21,101.149,101.172
756,2023-05-09 00:14:23,101.15,101.173
757,2023-05-09 00:14:25,101.151,101.174
758,2023-05-09 00:14:28,101.152,101.175
759,2023-05-09 00:14:29,101.151,101.174
760,2023-05-09 00:14:32,101.15350000000001,101.1765
762,2023-05-09 00:14:33,101.153,101.176
765,2023-05-09 00:14:35,101.154,101.177
766,2023-05-09 00:14:36,101.161,101.184
767,2023-05-09 00:14:37,101.167,101.19
771,2023-05-09 00:14:38,101.174,101.197
775,2023-05-09 00:14:39,101.17150000000001,101.1945
777,2023-05-09 00:14:40,101.1735,101.1965
779,2023-05-09 00:14:43,101.175,101.198
780,2023-05-09 00:14:44,101.17500000000001,101.19800000000001
782,2023-05-09 00:14:46,101.175,101.198
783,2023-05-09 00:14:47,101.176,101.199
784,2023-05-09 00:14:49,101.1765,101.1995
786,2023-05-09 00:14:50,101.174,101.197
787,2023-05-09 00:14:51,101.1735,101.1965
789,2023-05-09 00:14:53,101.1785,101.2015
791,2023-05-09 00:14:54,101.1765,101.1995
793,2023-05-09 00:14:56,101.1755,101.1985
795,2023-05-09 00:14:57,101.173,101.196
796,2023-05-09 00:14:59,101.171,101.194
799,2023-05-09 00:15:00,101.17,101.193
800,2023-05-09 00:15:01,101.169,101.192
803,2023-05-09 00:15:02,101.1675,101.1905
805,2023-05-09 00:15:04,101.164,101.187
807,2023-05-09 00:15:05,101.159,101.182
808,2023-05-09 00:15:07,101.1545,101.17750000000001
810,2023-05-09 00:15:08,101.15299999999999,101.176
812,2023-05-09 00:15:09,101.16300000000001,101.186
814,2023-05-09 00:15:10,101.16550000000001,101.1885
816,2023-05-09 00:15:11,101.166,101.189
818,2023-05-09 00:15:15,101.166,101.189
819,2023-05-09 00:15:18,101.159,101.182
820,2023-05-09 00:15:24,101.158,101.181
821,2023-05-09 00:15:30,101.157,101.18
822,2023-05-09 00:15:32,101.156,101.179
824,2023-05-09 00:15:33,101.1555,101.1785
826,2023-05-09 00:15:34,101.157,101.18
829,2023-05-09 00:15:35,101.158,101.181
830,2023-05-09 00:15:42,101.156,101.179
831,2023-05-09 00:15:43,101.1575,101.1805
833,2023-05-09 00:15:44,101.157,101.18
834,2023-05-09 00:15:45,101.156,101.179
835,2023-05-09 00:15:46,101.157,101.18
836,2023-05-09 00:15:49,101.155,101.178
837,2023-05-09 00:15:50,101.154,101.177
838,2023-05-09 00:15:51,101.155,101.178
842,2023-05-09 00:15:57,101.159,101.182
843,2023-05-09 00:16:00,101.15950000000001,101.1825
845,2023-05-09 00:16:01,101.156,101.179
848,2023-05-09 00:16:03,101.1555,101.1785
850,2023-05-09 00:16:05,101.158,101.181
851,2023-05-09 00:16:07,101.155,101.178
852,2023-05-09 00:16:08,101.1565,101.1795
854,2023-05-09 00:16:09,101.1565,101.1795
856,2023-05-09 00:16:14,101.158,101.181
857,2023-05-09 00:16:16,101.157,101.18
858,2023-05-09 00:16:21,101.158,101.18100000000001
860,2023-05-09 00:16:25,101.156,101.179
861,2023-05-09 00:16:26,101.158,101.181
862,2023-05-09 00:16:28,101.16,101.183
863,2023-05-09 00:16:29,101.159,101.182
864,2023-05-09 00:16:30,101.16,101.183
865,2023-05-09 00:16:34,101.165,101.188
868,2023-05-09 00:16:38,101.164,101.187
869,2023-05-09 00:16:41,101.159,101.182
870,2023-05-09 00:16:42,101.158,101.181
871,2023-05-09 00:16:43,101.161,101.184
872,2023-05-09 00:16:44,101.16,101.183
873,2023-05-09 00:16:45,101.162,101.185
874,2023-05-09 00:16:46,101.1605,101.18350000000001
876,2023-05-09 00:16:50,101.159,101.182
877,2023-05-09 00:16:53,101.157,101.18
878,2023-05-09 00:16:55,101.158,101.181
879,2023-05-09 00:16:56,101.164,101.187
882,2023-05-09 00:16:57,101.165,101.188
883,2023-05-09 00:17:00,101.165,101.188
884,2023-05-09 00:17:01,101.16550000000001,101.1885
886,2023-05-09 00:17:02,101.162,101.185
887,2023-05-09 00:17:03,101.16,101.183
888,2023-05-09 00:17:04,101.159,101.182
889,2023-05-09 00:17:05,101.161,101.184
890,2023-05-09 00:17:07,101.1605,101.18350000000001
892,2023-05-09 00:17:12,101.16,101.183
893,2023-05-09 00:17:16,101.1575,101.1805
895,2023-05-09 00:17:17,101.16,101.183
896,2023-05-09 00:17:18,101.15899999999999,101.182
898,2023-05-09 00:17:21,101.1625,101.1855
900,2023-05-09 00:17:22,101.164,101.187
901,2023-05-09 00:17:26,101.162,101.185
902,2023-05-09 00:17:29,101.166,101.189
903,2023-05-09 00:17:33,101.164,101.187
904,2023-05-09 00:17:34,101.165,101.188
905,2023-05-09 00:17:36,101.164,101.187
906,2023-05-09 00:17:39,101.163,101.186
907,2023-05-09 00:17:40,101.164,101.187
908,2023-05-09 00:17:41,101.167,101.19
909,2023-05-09 00:17:43,101.1685,101.19149999999999
911,2023-05-09 00:17:44,101.1675,101.1905
913,2023-05-09 00:17:46,101.166,101.189
914,2023-05-09 00:17:47,101.162,101.185
915,2023-05-09 00:17:50,101.159,101.182
916,2023-05-09 00:17:51,101.16,101.183
917,2023-05-09 00:17:52,101.161,101.184
918,2023-05-09 00:17:53,101.161,101.184
920,2023-05-09 00:17:55,101.159,101.182
921,2023-05-09 00:17:56,101.1645,101.1875
923,2023-05-09 00:17:59,101.166,101.189
924,2023-05-09 00:18:00,101.166,101.189
925,2023-05-09 00:18:01,101.1625,101.1855
927,2023-05-09 00:18:03,101.164,101.187
928,2023-05-09 00:18:04,101.162,101.185
929,2023-05-09 00:18:05,101.1605,101.18350000000001
931,2023-05-09 00:18:06,101.16,101.183
932,2023-05-09 00:18:07,101.159,101.182
933,2023-05-09 00:18:11,101.16,101.183
934,2023-05-09 00:18:15,101.159,101.182
935,2023-05-09 00:18:17,101.158,101.181
936,2023-05-09 00:18:18,101.158,101.18100000000001
938,2023-05-09 00:18:19,101.159,101.182
939,2023-05-09 00:18:20,101.158,101.181
940,2023-05-09 00:18:28,101.1605,101.18350000000001
942,2023-05-09 00:18:29,101.159,101.182
943,2023-05-09 00:18:30,101.16,101.183
944,2023-05-09 00:18:32,101.161,101.184
947,2023-05-09 00:18:33,101.1625,101.1855
949,2023-05-09 00:18:35,101.161,101.184
950,2023-05-09 00:18:36,101.158,101.181
951,2023-05-09 00:18:37,101.157,101.18
952,2023-05-09 00:18:38,101.15350000000001,101.1765
954,2023-05-09 00:18:39,101.152,101.175
955,2023-05-09 00:18:40,101.1505,101.1735
957,2023-05-09 00:18:42,101.157,101.18
958,2023-05-09 00:18:43,101.156,101.179
959,2023-05-09 00:18:46,101.15350000000001,101.1765
961,2023-05-09 00:18:48,101.154,101.177
962,2023-05-09 00:18:51,101.155,101.178
963,2023-05-09 00:18:52,101.157,101.18
964,2023-05-09 00:18:55,101.158,101.181
965,2023-05-09 00:18:56,101.157,101.18
966,2023-05-09 00:18:57,101.156,101.179
967,2023-05-09 00:18:59,101.154,101.177
968,2023-05-09 00:19:00,101.153,101.176
969,2023-05-09 00:19:01,101.1495,101.1725
971,2023-05-09 00:19:03,101.15,101.173
972,2023-05-09 00:19:06,101.149,101.172
973,2023-05-09 00:19:07,101.15,101.173
974,2023-05-09 00:19:09,101.153,101.176
975,2023-05-09 00:19:10,101.15,101.173
978,2023-05-09 00:19:17,101.145,101.168
979,2023-05-09 00:19:18,101.1445,101.1675
981,2023-05-09 00:19:29,101.144,101.167
982,2023-05-09 00:19:30,101.1405,101.1635
984,2023-05-09 00:19:31,101.136,101.159
985,2023-05-09 00:19:32,101.137,101.16
986,2023-05-09 00:19:34,101.136,101.159
987,2023-05-09 00:19:36,101.1305,101.15350000000001
989,2023-05-09 00:19:40,101.131,101.154
992,2023-05-09 00:19:41,101.135,101.158
993,2023-05-09 00:19:42,101.13550000000001,101.1585
997,2023-05-09 00:19:43,101.134,101.157
1000,2023-05-09 00:19:48,101.132,101.155
1001,2023-05-09 00:19:50,101.13499999999999,101.158
1003,2023-05-09 00:19:56,101.133,101.156
1004,2023-05-09 00:19:58,101.134,101.157
1005,2023-05-09 00:19:59,101.128,101.151
1008,2023-05-09 00:20:00,101.125,101.148
1009,2023-05-09 00:20:01,101.126,101.149
1010,2023-05-09 00:20:02,101.125,101.148
1011,2023-05-09 00:20:03,101.123,101.146
1012,2023-05-09 00:20:04,101.1275,101.1505
1016,2023-05-09 00:20:05,101.131,101.154
1017,2023-05-09 00:20:07,101.132,101.155
1018,2023-05-09 00:20:08,101.1335,101.1565
1020,2023-05-09 00:20:16,101.135,101.158
1021,2023-05-09 00:20:19,101.134,101.157
1025,2023-05-09 00:20:20,101.1335,101.1565
1027,2023-05-09 00:20:21,101.12950000000001,101.1525
1029,2023-05-09 00:20:30,101.13,101.153
1030,2023-05-09 00:20:31,101.129,101.152
1031,2023-05-09 00:20:36,101.13,101.153
1032,2023-05-09 00:20:39,101.131,101.154
1033,2023-05-09 00:20:40,101.13,101.153
1034,2023-05-09 00:20:41,101.1315,101.1545
1036,2023-05-09 00:20:42,101.1325,101.1555
1038,2023-05-09 00:20:43,101.135,101.158
1041,2023-05-09 00:20:45,101.135,101.158
1042,2023-05-09 00:20:46,101.136,101.159
1043,2023-05-09 00:20:48,101.135,101.158
1044,2023-05-09 00:20:51,101.1385,101.16149999999999
1046,2023-05-09 00:20:52,101.141,101.164
1047,2023-05-09 00:20:55,101.139,101.162
1048,2023-05-09 00:20:56,101.1405,101.1635
1050,2023-05-09 00:20:58,101.14,101.163
1051,2023-05-09 00:21:00,101.14,101.163
1052,2023-05-09 00:21:01,101.14150000000001,101.1645
1054,2023-05-09 00:21:03,101.142,101.165
1055,2023-05-09 00:21:06,101.14250000000001,101.16550000000001
1057,2023-05-09 00:21:07,101.1455,101.1685
1059,2023-05-09 00:21:09,101.1435,101.1665
1061,2023-05-09 00:21:10,101.1435,101.1665
1063,2023-05-09 00:21:13,101.143,101.166
1064,2023-05-09 00:21:15,101.14750000000001,101.1705
1066,2023-05-09 00:21:16,101.1465,101.1695
1068,2023-05-09 00:21:17,101.148,101.171
1069,2023-05-09 00:21:20,101.149,101.172
1071,2023-05-09 00:21:22,101.149,101.172
1072,2023-05-09 00:21:26,101.1495,101.1725
1074,2023-05-09 00:21:31,101.151,101.174
1075,2023-05-09 00:21:35,101.153,101.176
1076,2023-05-09 00:21:36,101.151,101.174
1079,2023-05-09 00:21:37,101.152,101.175
1080,2023-05-09 00:21:38,101.153,101.176
1081,2023-05-09 00:21:41,101.155,101.178
1082,2023-05-09 00:21:42,101.154,101.177
1083,2023-05-09 00:21:45,101.153,101.176
1084,2023-05-09 00:21:46,101.152,101.175
1085,2023-05-09 00:21:49,101.153,101.176
1086,2023-05-09 00:21:50,101.152,101.175
1087,2023-05-09 00:21:51,101.153,101.176
1088,2023-05-09 00:22:00,101.153,101.176
1089,2023-05-09 00:22:01,101.1515,101.1745
1091,2023-05-09 00:22:10,101.149,101.172
1094,2023-05-09 00:22:13,101.151,101.174
1095,2023-05-09 00:22:16,101.149,101.172
1096,2023-05-09 00:22:20,101.15,101.173
1097,2023-05-09 00:22:27,101.151,101.174
1098,2023-05-09 00:22:28,101.152,101.175
1099,2023-05-09 00:22:30,101.1545,101.17750000000001
1101,2023-05-09 00:22:31,101.159,101.182
1105,2023-05-09 00:22:32,101.158,101.181
1106,2023-05-09 00:22:36,101.159,101.182
1107,2023-05-09 00:22:37,101.1575,101.1805
1109,2023-05-09 00:22:38,101.155,101.178
1110,2023-05-09 00:22:41,101.157,101.18
1111,2023-05-09 00:22:46,101.158,101.181
1112,2023-05-09 00:22:47,101.156,101.179
1113,2023-05-09 00:22:48,101.155,101.178
1114,2023-05-09 00:22:49,101.154,101.177
1115,2023-05-09 00:22:50,101.155,101.178
1116,2023-05-09 00:22:52,101.1545,101.17750000000001
1118,2023-05-09 00:23:00,101.155,101.178
1119,2023-05-09 00:23:01,101.154,101.177
1120,2023-05-09 00:23:07,101.1555,101.1785
1122,2023-05-09 00:23:08,101.155,101.178
1123,2023-05-09 00:23:10,101.1565,101.1795
1125,2023-05-09 00:23:11,101.155,101.178
1128,2023-05-09 00:23:14,101.14949999999999,101.17250000000001
1130,2023-05-09 00:23:17,101.1495,101.1725
1132,2023-05-09 00:23:19,101.152,101.175
1135,2023-05-09 00:23:21,101.159,101.182
1136,2023-05-09 00:23:22,101.157,101.18
1137,2023-05-09 00:23:27,101.157,101.18
1140,2023-05-09 00:23:29,101.158,101.181
1141,2023-05-09 00:23:30,101.156,101.179
1142,2023-05-09 00:23:33,101.158,101.181
1143,2023-05-09 00:23:35,101.157,101.18
1144,2023-05-09 00:23:36,101.156,101.179
1145,2023-05-09 00:23:40,101.157,101.18
1146,2023-05-09 00:23:41,101.156,101.179
1147,2023-05-09 00:23:50,101.154,101.177
1148,2023-05-09 00:23:51,101.15,101.173
1149,2023-05-09 00:23:53,101.149,101.172
1150,2023-05-09 00:23:55,101.152,101.175
1151,2023-05-09 00:23:57,101.151,101.174
1155,2023-05-09 00:24:00,101.1515,101.1745
1157,2023-05-09 00:24:06,101.149,101.172
1158,2023-05-09 00:24:08,101.148,101.171
1159,2023-05-09 00:24:15,101.15,101.173
1160,2023-05-09 00:24:16,101.147,101.17
1161,2023-05-09 00:24:17,101.148,101.171
1162,2023-05-09 00:24:21,101.15,101.173
1163,2023-05-09 00:24:22,101.149,101.172
1164,2023-05-09 00:24:23,101.1495,101.1725
1166,2023-05-09 00:24:27,101.148,101.171
1167,2023-05-09 00:24:31,101.1505,101.1735
1169,2023-05-09 00:24:32,101.15,101.173
1170,2023-05-09 00:24:34,101.152,101.175
1171,2023-05-09 00:24:35,101.15,101.173
1172,2023-05-09 00:24:37,101.154,101.177
1173,2023-05-09 00:24:43,101.1545,101.17750000000001
1175,2023-05-09 00:24:54,101.155,101.178
1176,2023-05-09 00:24:57,101.154,101.177
1177,2023-05-09 00:24:59,101.152,101.175
1178,2023-05-09 00:25:01,101.152,101.175
1179,2023-05-09 00:25:04,101.154,101.177
1180,2023-05-09 00:25:08,101.161,101.184
1181,2023-05-09 00:25:11,101.16,101.183
1182,2023-05-09 00:25:12,101.159,101.182
1183,2023-05-09 00:25:13,101.1565,101.1795
1185,2023-05-09 00:25:15,101.157,101.18
1186,2023-05-09 00:25:17,101.155,101.178
1188,2023-05-09 00:25:18,101.155,101.178
1189,2023-05-09 00:25:19,101.156,101.179
1190,2023-05-09 00:25:20,101.157,101.18
1191,2023-05-09 00:25:27,101.16,101.183
1192,2023-05-09 00:25:28,101.157,101.18
1195,2023-05-09 00:25:34,101.158,101.181
1196,2023-05-09 00:25:41,101.157,101.18
1197,2023-05-09 00:25:42,101.156,101.179
1198,2023-05-09 00:25:44,101.159,101.182
1199,2023-05-09 00:25:46,101.15700000000001,101.18
1201,2023-05-09 00:25:48,101.156,101.179
1204,2023-05-09 00:25:51,101.156,101.179
1205,2023-05-09 00:25:54,101.157,101.18
1206,2023-05-09 00:26:00,101.157,101.18
1207,2023-05-09 00:26:01,101.156,101.179
1208,2023-05-09 00:26:04,101.157,101.18
1209,2023-05-09 00:26:06,101.156,101.179
1210,2023-05-09 00:26:07,101.157,101.18
1211,2023-05-09 00:26:08,101.156,101.179
1212,2023-05-09 00:26:09,101.156,101.179
1214,2023-05-09 00:26:10,101.152,101.175
1215,2023-05-09 00:26:11,101.153,101.176
1216,2023-05-09 00:26:12,101.156,101.179
1217,2023-05-09 00:26:14,101.159,101.182
1218,2023-05-09 00:26:17,101.157,101.18
1219,2023-05-09 00:26:18,101.1575,101.1805
1221,2023-05-09 00:26:20,101.156,101.179
1222,2023-05-09 00:26:21,101.155,101.178
1223,2023-05-09 00:26:22,101.156,101.179
1224,2023-05-09 00:26:24,101.155,101.178
1225,2023-05-09 00:26:25,101.154,101.177
1226,2023-05-09 00:26:34,101.158,101.181
1227,2023-05-09 00:26:35,101.156,101.179
1228,2023-05-09 00:26:37,101.1485,101.17150000000001
1230,2023-05-09 00:26:38,101.149,101.172
1231,2023-05-09 00:26:40,101.148,101.171
1232,2023-05-09 00:26:41,101.143,101.166
1233,2023-05-09 00:26:42,101.1445,101.1675
1235,2023-05-09 00:26:46,101.141,101.164
1236,2023-05-09 00:26:47,101.139,101.162
1239,2023-05-09 00:26:48,101.139,101.162
1240,2023-05-09 00:26:49,101.1385,101.1615
1242,2023-05-09 00:26:50,101.14,101.163
1243,2023-05-09 00:26:51,101.145,101.168
1244,2023-05-09 00:26:52,101.146,101.169
1245,2023-05-09 00:26:56,101.1455,101.1685
1247,2023-05-09 00:27:00,101.147,101.17
1248,2023-05-09 00:27:02,101.146,101.169
1249,2023-05-09 00:27:06,101.147,101.17
1250,2023-05-09 00:27:09,101.145,101.168
1251,2023-05-09 00:27:10,101.146,101.169
1252,2023-05-09 00:27:11,101.145,101.168
1253,2023-05-09 00:27:12,101.146,101.169
1254,2023-05-09 00:27:21,101.148,101.171
1255,2023-05-09 00:27:22,101.14750000000001,101.1705
1257,2023-05-09 00:27:23,101.147,101.17
1258,2023-05-09 00:27:26,101.148,101.171
1259,2023-05-09 00:27:31,101.147,101.17
1260,2023-05-09 00:27:33,101.148,101.171
1261,2023-05-09 00:27:38,101.149,101.172
1262,2023-05-09 00:27:42,101.14750000000001,101.1705
1264,2023-05-09 00:27:44,101.14699999999999,101.17
1266,2023-05-09 00:27:47,101.147,101.17
1267,2023-05-09 00:27:51,101.148,101.171
1268,2023-05-09 00:27:53,101.147,101.17
1269,2023-05-09 00:27:54,101.148,101.171
1270,2023-05-09 00:27:55,101.152,101.175
1271,2023-05-09 00:27:57,101.149,101.172
1272,2023-05-09 00:27:58,101.148,101.171
1273,2023-05-09 00:28:00,101.148,101.171
1274,2023-05-09 00:28:11,101.1445,101.16749999999999
1276,2023-05-09 00:28:12,101.14150000000001,101.1645
1278,2023-05-09 00:28:13,101.143,101.166
1279,2023-05-09 00:28:14,101.143,101.166
1281,2023-05-09 00:28:15,101.141,101.164
1282,2023-05-09 00:28:16,101.142,101.165
1283,2023-05-09 00:28:17,101.146,101.16900000000001
1285,2023-05-09 00:28:22,101.14750000000001,101.1705
1287,2023-05-09 00:28:23,101.154,101.177
1288,2023-05-09 00:28:25,101.158,101.181
1289,2023-05-09 00:28:26,101.162,101.185
1292,2023-05-09 00:28:30,101.164,101.187
1293,2023-05-09 00:28:32,101.163,101.186
1294,2023-05-09 00:28:35,101.162,101.185
1295,2023-05-09 00:28:36,101.164,101.187
1296,2023-05-09 00:28:39,101.163,101.186
1297,2023-05-09 00:28:42,101.162,101.185
1298,2023-05-09 00:28:43,101.1635,101.1865
1300,2023-05-09 00:28:47,101.165,101.188
1301,2023-05-09 00:28:49,101.164,101.187
1302,2023-05-09 00:28:51,101.1635,101.1865
1304,2023-05-09 00:28:52,101.163,101.186
1305,2023-05-09 00:28:57,101.164,101.187
1306,2023-05-09 00:29:00,101.165,101.188
1307,2023-05-09 00:29:01,101.166,101.189
1308,2023-05-09 00:29:03,101.16900000000001,101.19200000000001
1310,2023-05-09 00:29:04,101.168,101.191
1312,2023-05-09 00:29:08,101.165,101.188
1313,2023-05-09 00:29:11,101.171,101.194
1314,2023-05-09 00:29:12,101.172,101.195
1315,2023-05-09 00:29:18,101.173,101.196
1316,2023-05-09 00:29:20,101.177,101.2
1319,2023-05-09 00:29:21,101.1815,101.2045
1321,2023-05-09 00:29:22,101.178,101.201
1323,2023-05-09 00:29:23,101.1745,101.19749999999999
1325,2023-05-09 00:29:27,101.175,101.198
1326,2023-05-09 00:29:30,101.176,101.199
1327,2023-05-09 00:29:38,101.1815,101.2045
1329,2023-05-09 00:29:39,101.179,101.202
1331,2023-05-09 00:29:42,101.1795,101.2025
1333,2023-05-09 00:29:43,101.179,101.202
1334,2023-05-09 00:29:47,101.178,101.201
1335,2023-05-09 00:29:48,101.177,101.2
1336,2023-05-09 00:29:52,101.176,101.199
1337,2023-05-09 00:29:53,101.173,101.196
1338,2023-05-09 00:29:54,101.172,101.195
1339,2023-05-09 00:29:55,101.171,101.194
1340,2023-05-09 00:29:59,101.1685,101.19149999999999
1342,2023-05-09 00:30:00,101.1635,101.1865
1344,2023-05-09 00:30:01,101.1625,101.1855
1346,2023-05-09 00:30:02,101.16300000000001,101.186
1348,2023-05-09 00:30:03,101.164,101.187
1349,2023-05-09 00:30:07,101.161,101.184
1350,2023-05-09 00:30:08,101.15700000000001,101.18
1352,2023-05-09 00:30:09,101.15,101.173
1353,2023-05-09 00:30:10,101.149,101.172
1354,2023-05-09 00:30:11,101.1485,101.17150000000001
1358,2023-05-09 00:30:12,101.147,101.17
1361,2023-05-09 00:30:14,101.144,101.167
1362,2023-05-09 00:30:15,101.145,101.168
1363,2023-05-09 00:30:19,101.14,101.16300000000001
1365,2023-05-09 00:30:21,101.14,101.163
1366,2023-05-09 00:30:22,101.1405,101.1635
1368,2023-05-09 00:30:23,101.142,101.165
1369,2023-05-09 00:30:24,101.149,101.172
1372,2023-05-09 00:30:25,101.147,101.17
1373,2023-05-09 00:30:26,101.149,101.172
1376,2023-05-09 00:30:27,101.15,101.173
1377,2023-05-09 00:30:30,101.15350000000001,101.1765
1379,2023-05-09 00:30:31,101.157,101.18
1382,2023-05-09 00:30:35,101.158,101.181
1383,2023-05-09 00:30:46,101.16,101.183
1384,2023-05-09 00:30:47,101.161,101.184
1385,2023-05-09 00:30:49,101.16,101.183
1386,2023-05-09 00:30:54,101.161,101.184
1387,2023-05-09 00:30:55,101.16,101.183
1388,2023-05-09 00:30:56,101.161,101.184
1389,2023-05-09 00:30:57,101.162,101.185
1390,2023-05-09 00:31:00,101.1635,101.1865
1392,2023-05-09 00:31:01,101.162,101.185
1393,2023-05-09 00:31:03,101.162,101.185
1395,2023-05-09 00:31:04,101.164,101.187
1396,2023-05-09 00:31:05,101.163,101.186
1397,2023-05-09 00:31:06,101.1645,101.1875
1399,2023-05-09 00:31:10,101.1665,101.1895
1401,2023-05-09 00:31:11,101.1665,101.1895
1403,2023-05-09 00:31:13,101.166,101.189
1404,2023-05-09 00:31:14,101.17,101.193
1407,2023-05-09 00:31:15,101.174,101.197
1408,2023-05-09 00:31:16,101.178,101.201
1409,2023-05-09 00:31:18,101.1765,101.1995
1411,2023-05-09 00:31:19,101.177,101.2
1412,2023-05-09 00:31:24,101.1755,101.1985
1414,2023-05-09 00:31:25,101.175,101.198
1415,2023-05-09 00:31:29,101.176,101.199
1416,2023-05-09 00:31:30,101.175,101.198
1417,2023-05-09 00:31:33,101.176,101.199
1418,2023-05-09 00:31:35,101.175,101.198
1419,2023-05-09 00:31:40,101.176,101.199
1420,2023-05-09 00:31:41,101.167,101.19
1421,2023-05-09 00:31:42,101.166,101.189
1422,2023-05-09 00:31:43,101.167,101.19
1423,2023-05-09 00:31:46,101.165,101.188
1424,2023-05-09 00:31:47,101.164,101.187
1425,2023-05-09 00:31:50,101.163,101.186
1426,2023-05-09 00:31:51,101.162,101.185
1427,2023-05-09 00:31:54,101.16,101.183
1430,2023-05-09 00:31:55,101.161,101.184
1431,2023-05-09 00:31:57,101.153,101.176
1432,2023-05-09 00:31:58,101.151,101.174
1433,2023-05-09 00:31:59,101.15,101.173
1434,2023-05-09 00:32:00,101.15100000000001,101.174
1436,2023-05-09 00:32:02,101.152,101.17500000000001
1438,2023-05-09 00:32:03,101.1555,101.1785
1440,2023-05-09 00:32:04,101.154,101.177
1441,2023-05-09 00:32:05,101.156,101.179
1442,2023-05-09 00:32:06,101.1565,101.1795
1444,2023-05-09 00:32:07,101.155,101.178
1447,2023-05-09 00:32:08,101.157,101.18
1448,2023-05-09 00:32:12,101.159,101.182
1449,2023-05-09 00:32:20,101.158,101.181
1450,2023-05-09 00:32:24,101.156,101.179
1451,2023-05-09 00:32:25,101.1545,101.17750000000001
1453,2023-05-09 00:32:33,101.155,101.178
1454,2023-05-09 00:32:34,101.156,101.179
1456,2023-05-09 00:32:35,101.156,101.179
1457,2023-05-09 00:32:45,101.155,101.178
1458,2023-05-09 00:32:47,101.157,101.18
1459,2023-05-09 00:32:48,101.156,101.179
1460,2023-05-09 00:32:50,101.157,101.18
1461,2023-05-09 00:32:51,101.158,101.181
1462,2023-05-09 00:32:53,101.159,101.182
1463,2023-05-09 00:32:54,101.16,101.183
1464,2023-05-09 00:33:00,101.16,101.183
1465,2023-05-09 00:33:01,101.157,101.18
1468,2023-05-09 00:33:02,101.1575,101.1805
1470,2023-05-09 00:33:09,101.1565,101.1795
1472,2023-05-09 00:33:10,101.1495,101.1725
1474,2023-05-09 00:33:11,101.14750000000001,101.1705
1476,2023-05-09 00:33:12,101.14750000000001,101.1705
1478,2023-05-09 00:33:13,101.1505,101.1735
1480,2023-05-09 00:33:16,101.15,101.173
1481,2023-05-09 00:33:19,101.153,101.176
1482,2023-05-09 00:33:27,101.154,101.177
1483,2023-05-09 00:33:30,101.155,101.178
1484,2023-05-09 00:33:31,101.1545,101.17750000000001
1486,2023-05-09 00:33:35,101.1565,101.1795
1488,2023-05-09 00:33:36,101.15,101.173
1489,2023-05-09 00:33:37,101.148,101.17099999999999
1491,2023-05-09 00:33:39,101.149,101.172
1493,2023-05-09 00:33:40,101.151,101.174
1494,2023-05-09 00:33:41,101.149,101.172
1495,2023-05-09 00:33:42,101.14949999999999,101.17250000000001
1497,2023-05-09 00:33:43,101.1495,101.1725
1499,2023-05-09 00:33:44,101.151,101.174
1500,2023-05-09 00:33:46,101.15,101.173
1501,2023-05-09 00:33:47,101.149,101.172
1502,2023-05-09 00:33:49,101.147,101.17
1503,2023-05-09 00:33:50,101.148,101.171
1504,2023-05-09 00:33:52,101.149,101.172
1505,2023-05-09 00:33:53,101.15,101.173
1506,2023-05-09 00:33:55,101.148,101.171
1507,2023-05-09 00:34:00,101.148,101.171
1508,2023-05-09 00:34:07,101.1485,101.17150000000001
1510,2023-05-09 00:34:09,101.1485,101.17150000000001
1512,2023-05-09 00:34:11,101.149,101.172
1513,2023-05-09 00:34:13,101.148,101.171
1514,2023-05-09 00:34:16,101.15,101.173
1515,2023-05-09 00:34:18,101.1455,101.1685
1517,2023-05-09 00:34:22,101.1445,101.1675
1519,2023-05-09 00:34:31,101.147,101.17
1520,2023-05-09 00:34:32,101.149,101.172
1523,2023-05-09 00:34:33,101.147,101.17
1524,2023-05-09 00:34:35,101.14750000000001,101.1705
1526,2023-05-09 00:34:36,101.146,101.169
1529,2023-05-09 00:34:37,101.147,101.17
1530,2023-05-09 00:34:38,101.148,101.171
1531,2023-05-09 00:34:39,101.15,101.173
1532,2023-05-09 00:34:40,101.149,101.172
1533,2023-05-09 00:34:41,101.15,101.173
1534,2023-05-09 00:34:42,101.14699999999999,101.17
1536,2023-05-09 00:34:46,101.144,101.167
1537,2023-05-09 00:34:47,101.142,101.165
1538,2023-05-09 00:34:54,101.144,101.167
1539,2023-05-09 00:34:55,101.143,101.166
1540,2023-05-09 00:34:56,101.141,101.164
1541,2023-05-09 00:35:00,101.141,101.164
1542,2023-05-09 00:35:05,101.138,101.161
1545,2023-05-09 00:35:06,101.139,101.162
1546,2023-05-09 00:35:07,101.137,101.16
1547,2023-05-09 00:35:08,101.135,101.158
1548,2023-05-09 00:35:10,101.133,101.156
1549,2023-05-09 00:35:14,101.128,101.151
1550,2023-05-09 00:35:15,101.129,101.152
1553,2023-05-09 00:35:16,101.1285,101.1515
1555,2023-05-09 00:35:17,101.1315,101.1545
1557,2023-05-09 00:35:20,101.133,101.156
1558,2023-05-09 00:35:27,101.1315,101.1545
1560,2023-05-09 00:35:34,101.128,101.151
1561,2023-05-09 00:35:35,101.127,101.15
1562,2023-05-09 00:35:36,101.128,101.151
1563,2023-05-09 00:35:38,101.13,101.15299999999999
1565,2023-05-09 00:35:39,101.128,101.151
1566,2023-05-09 00:35:42,101.129,101.152
1567,2023-05-09 00:35:45,101.13,101.153
1568,2023-05-09 00:35:47,101.131,101.154
1569,2023-05-09 00:35:52,101.13,101.153
1570,2023-05-09 00:35:55,101.12950000000001,101.1525
1572,2023-05-09 00:35:56,101.129,101.152
1573,2023-05-09 00:35:58,101.128,101.151
1574,2023-05-09 00:36:00,101.1275,101.1505
1576,2023-05-09 00:36:01,101.128,101.151
1577,2023-05-09 00:36:03,101.127,101.15
1578,2023-05-09 00:36:06,101.129,101.152
1579,2023-05-09 00:36:07,101.13,101.153
1580,2023-05-09 00:36:08,101.131,101.154
1581,2023-05-09 00:36:09,101.13,101.153
1582,2023-05-09 00:36:11,101.129,101.152
1583,2023-05-09 00:36:12,101.128,101.151
1584,2023-05-09 00:36:17,101.13,101.153
1585,2023-05-09 00:36:18,101.128,101.151
1586,2023-05-09 00:36:19,101.129,101.152
1587,2023-05-09 00:36:22,101.13,101.153
1588,2023-05-09 00:36:24,101.129,101.152
1589,2023-05-09 00:36:25,101.128,101.151
1590,2023-05-09 00:36:26,101.1275,101.1505
1592,2023-05-09 00:36:27,101.12950000000001,101.1525
1594,2023-05-09 00:36:29,101.128,101.151
1595,2023-05-09 00:36:30,101.127,101.15
1596,2023-05-09 00:36:32,101.1275,101.1505
1598,2023-05-09 00:36:33,101.128,101.151
1599,2023-05-09 00:36:35,101.127,101.15
1600,2023-05-09 00:36:38,101.1265,101.1495
1602,2023-05-09 00:36:40,101.1255,101.1485
1604,2023-05-09 00:36:41,101.126,101.149
1607,2023-05-09 00:36:42,101.125,101.148
1608,2023-05-09 00:36:43,101.126,101.149
1609,2023-05-09 00:36:45,101.125,101.148
1610,2023-05-09 00:36:47,101.124,101.147
1611,2023-05-09 00:36:48,101.125,101.148
1612,2023-05-09 00:36:57,101.126,101.149
1613,2023-05-09 00:36:58,101.125,101.148
1614,2023-05-09 00:37:02,101.125,101.148
1615,2023-05-09 00:37:04,101.122,101.145
1616,2023-05-09 00:37:10,101.121,101.144
1617,2023-05-09 00:37:15,101.122,101.145
1618,2023-05-09 00:37:27,101.127,101.15
1619,2023-05-09 00:37:28,101.131,101.154
1622,2023-05-09 00:37:30,101.133,101.156
1623,2023-05-09 00:37:32,101.1345,101.1575
1625,2023-05-09 00:37:33,101.133,101.156
1626,2023-05-09 00:37:37,101.131,101.154
1627,2023-05-09 00:37:40,101.128,101.151
1628,2023-05-09 00:37:42,101.127,101.15
1629,2023-05-09 00:37:43,101.128,101.151
1630,2023-05-09 00:37:48,101.126,101.149
1631,2023-05-09 00:37:49,101.124,101.147
1632,2023-05-09 00:37:58,101.123,101.146
1633,2023-05-09 00:37:59,101.11699999999999,101.14
1635,2023-05-09 00:38:00,101.116,101.139
1636,2023-05-09 00:38:01,101.114,101.137
1638,2023-05-09 00:38:02,101.113,101.136
1639,2023-05-09 00:38:03,101.114,101.137
1641,2023-05-09 00:38:04,101.114,101.137
1644,2023-05-09 00:38:06,101.115,101.138
1645,2023-05-09 00:38:08,101.114,101.137
1646,2023-05-09 00:38:09,101.115,101.138
1647,2023-05-09 00:38:15,101.117,101.14
1648,2023-05-09 00:38:18,101.116,101.139
1651,2023-05-09 00:38:19,101.1165,101.1395
1653,2023-05-09 00:38:20,101.117,101.14
1654,2023-05-09 00:38:24,101.118,101.141
1655,2023-05-09 00:38:28,101.12,101.143
1656,2023-05-09 00:38:29,101.121,101.144
1657,2023-05-09 00:38:30,101.122,101.145
1658,2023-05-09 00:38:31,101.121,101.144
1659,2023-05-09 00:38:32,101.122,101.145
1660,2023-05-09 00:38:35,101.121,101.144
1661,2023-05-09 00:38:39,101.1195,101.1425
1663,2023-05-09 00:38:41,101.118,101.141
1664,2023-05-09 00:38:52,101.12,101.143
1665,2023-05-09 00:38:54,101.119,101.142
1666,2023-05-09 00:38:55,101.1165,101.1395
1668,2023-05-09 00:38:56,101.117,101.14
1669,2023-05-09 00:38:57,101.116,101.139
1670,2023-05-09 00:38:58,101.114,101.137
1671,2023-05-09 00:39:00,101.114,101.137
1672,2023-05-09 00:39:01,101.1115,101.1345
1674,2023-05-09 00:39:02,101.108,101.131
1675,2023-05-09 00:39:04,101.11,101.133
1678,2023-05-09 00:39:07,101.10849999999999,101.1315
1680,2023-05-09 00:39:08,101.107,101.13
1681,2023-05-09 00:39:09,101.1065,101.12950000000001
1683,2023-05-09 00:39:11,101.106,101.129
1684,2023-05-09 00:39:12,101.107,101.13
1685,2023-05-09 00:39:13,101.109,101.132
1686,2023-05-09 00:39:14,101.1055,101.1285
1688,2023-05-09 00:39:15,101.108,101.131
1689,2023-05-09 00:39:16,101.1065,101.12950000000001
1691,2023-05-09 00:39:18,101.107,101.13
1692,2023-05-09 00:39:19,101.1075,101.1305
1694,2023-05-09 00:39:21,101.108,101.131
1695,2023-05-09 00:39:22,101.109,101.132
1696,2023-05-09 00:39:23,101.11099999999999,101.134
1698,2023-05-09 00:39:24,101.1105,101.1335
1700,2023-05-09 00:39:25,101.111,101.134
1701,2023-05-09 00:39:27,101.114,101.137
1702,2023-05-09 00:39:28,101.115,101.138
1703,2023-05-09 00:39:38,101.114,101.137
1704,2023-05-09 00:39:39,101.113,101.136
1705,2023-05-09 00:39:40,101.1125,101.13550000000001
1707,2023-05-09 00:39:55,101.115,101.138
1708,2023-05-09 00:39:57,101.119,101.142
1709,2023-05-09 00:39:58,101.12,101.143
1710,2023-05-09 00:39:59,101.119,101.142
1711,2023-05-09 00:40:00,101.119,101.142
1712,2023-05-09 00:40:01,101.1195,101.1425
1714,2023-05-09 00:40:08,101.1165,101.1395
1716,2023-05-09 00:40:09,101.114,101.137
1717,2023-05-09 00:40:11,101.113,101.136
1718,2023-05-09 00:40:27,101.112,101.135
1719,2023-05-09 00:40:29,101.111,101.134
1720,2023-05-09 00:40:31,101.112,101.135
1721,2023-05-09 00:40:32,101.111,101.134
1722,2023-05-09 00:40:37,101.112,101.135
1723,2023-05-09 00:40:39,101.109,101.132
1724,2023-05-09 00:40:45,101.111,101.134
1725,2023-05-09 00:40:49,101.109,101.132
1726,2023-05-09 00:40:50,101.108,101.131
1727,2023-05-09 00:40:52,101.107,101.13
1728,2023-05-09 00:41:00,101.106,101.129
1729,2023-05-09 00:41:03,101.105,101.128
1730,2023-05-09 00:41:04,101.102,101.125
1732,2023-05-09 00:41:07,101.10249999999999,101.1255
1734,2023-05-09 00:41:08,101.101,101.124
1735,2023-05-09 00:41:09,101.102,101.125
1736,2023-05-09 00:41:11,101.103,101.126
1737,2023-05-09 00:41:13,101.104,101.127
1738,2023-05-09 00:41:14,101.102,101.125
1739,2023-05-09 00:41:17,101.093,101.116
1740,2023-05-09 00:41:19,101.09,101.113
1741,2023-05-09 00:41:20,101.0865,101.1095
1743,2023-05-09 00:41:21,101.092,101.115
1746,2023-05-09 00:41:22,101.095,101.118
1747,2023-05-09 00:41:28,101.096,101.119
1748,2023-05-09 00:41:29,101.097,101.12
1749,2023-05-09 00:41:31,101.098,101.121
1750,2023-05-09 00:41:35,101.0975,101.12049999999999
1752,2023-05-09 00:41:39,101.097,101.12
1753,2023-05-09 00:41:49,101.102,101.125
1756,2023-05-09 00:41:50,101.102,101.125
1757,2023-05-09 00:41:51,101.103,101.126
1758,2023-05-09 00:41:53,101.104,101.127
1759,2023-05-09 00:41:55,101.103,101.126
1760,2023-05-09 00:42:00,101.10249999999999,101.1255
1762,2023-05-09 00:42:01,101.101,101.124
1763,2023-05-09 00:42:04,101.103,101.126
1764,2023-05-09 00:42:09,101.104,101.127
1765,2023-05-09 00:42:14,101.105,101.128
1766,2023-05-09 00:42:17,101.108,101.131
1768,2023-05-09 00:42:18,101.111,101.134
1769,2023-05-09 00:42:28,101.113,101.136
1770,2023-05-09 00:42:33,101.111,101.134
1771,2023-05-09 00:42:39,101.113,101.136
1772,2023-05-09 00:42:41,101.1155,101.1385
1774,2023-05-09 00:42:43,101.114,101.137
1775,2023-05-09 00:42:44,101.116,101.139
1776,2023-05-09 00:42:48,101.117,101.14
1777,2023-05-09 00:42:50,101.116,101.139
1778,2023-05-09 00:42:51,101.114,101.137
1779,2023-05-09 00:42:52,101.113,101.136
1780,2023-05-09 00:43:00,101.113,101.136
1781,2023-05-09 00:43:05,101.112,101.135
1782,2023-05-09 00:43:07,101.1125,101.13550000000001
1784,2023-05-09 00:43:21,101.113,101.136
1785,2023-05-09 00:43:25,101.11500000000001,101.138
1787,2023-05-09 00:43:29,101.117,101.14
1788,2023-05-09 00:43:33,101.114,101.137
1791,2023-05-09 00:43:36,101.115,101.138
1792,2023-05-09 00:43:37,101.114,101.137
1793,2023-05-09 00:43:38,101.116,101.139
1794,2023-05-09 00:43:39,101.117,101.14
1795,2023-05-09 00:43:41,101.116,101.139
1796,2023-05-09 00:43:53,101.119,101.142
1797,2023-05-09 00:43:58,101.12100000000001,101.144
1799,2023-05-09 00:44:00,101.122,101.145
1800,2023-05-09 00:44:07,101.1225,101.1455
1802,2023-05-09 00:44:09,101.123,101.146
1803,2023-05-09 00:44:10,101.1225,101.1455
1805,2023-05-09 00:44:12,101.122,101.145
1806,2023-05-09 00:44:16,101.121,101.144
1807,2023-05-09 00:44:26,101.12,101.143
1808,2023-05-09 00:44:31,101.1245,101.14750000000001
1810,2023-05-09 00:44:38,101.124,101.147
1811,2023-05-09 00:44:46,101.126,101.149
1812,2023-05-09 00:44:47,101.123,101.146
1813,2023-05-09 00:44:49,101.125,101.148
1814,2023-05-09 00:44:51,101.1265,101.1495
1816,2023-05-09 00:44:52,101.126,101.149
1817,2023-05-09 00:44:57,101.1285,101.1515
1819,2023-05-09 00:45:00,101.1275,101.1505
1821,2023-05-09 00:45:01,101.125,101.148
1822,2023-05-09 00:45:05,101.126,101.149
1823,2023-05-09 00:45:11,101.1245,101.14750000000001
1825,2023-05-09 00:45:13,101.127,101.15
1826,2023-05-09 00:45:16,101.126,101.149
1827,2023-05-09 00:45:18,101.125,101.148
1828,2023-05-09 00:45:20,101.1235,101.1465
1830,2023-05-09 00:45:21,101.124,101.147
1831,2023-05-09 00:45:25,101.123,101.146
1832,2023-05-09 00:45:28,101.124,101.147
1833,2023-05-09 00:45:30,101.122,101.145
1834,2023-05-09 00:45:40,101.123,101.146
1835,2023-05-09 00:45:41,101.121,101.144
1836,2023-05-09 00:45:45,101.122,101.145
1837,2023-05-09 00:45:48,101.121,101.144
1838,2023-05-09 00:45:51,101.1195,101.1425
1840,2023-05-09 00:45:55,101.114,101.137
1842,2023-05-09 00:46:00,101.115,101.138
1843,2023-05-09 00:46:02,101.11500000000001,101.138
1845,2023-05-09 00:46:05,101.117,101.14
1846,2023-05-09 00:46:07,101.116,101.139
1847,2023-05-09 00:46:13,101.115,101.138
1848,2023-05-09 00:46:15,101.116,101.139
1849,2023-05-09 00:46:20,101.114,101.137
1850,2023-05-09 00:46:21,101.112,101.135
1851,2023-05-09 00:47:00,101.1115,101.1345
1853,2023-05-09 00:47:03,101.11,101.133
1854,2023-05-09 00:47:05,101.115,101.138
1855,2023-05-09 00:47:09,101.116,101.139
1856,2023-05-09 00:47:13,101.115,101.138
1857,2023-05-09 00:47:14,101.114,101.137
1858,2023-05-09 00:47:16,101.116,101.139
1859,2023-05-09 00:47:17,101.1165,101.1395
1861,2023-05-09 00:47:18,101.119,101.142
1862,2023-05-09 00:47:19,101.122,101.145
1863,2023-05-09 00:47:20,101.125,101.148
1864,2023-05-09 00:47:22,101.127,101.15
1865,2023-05-09 00:47:23,101.1255,101.1485
1867,2023-05-09 00:47:27,101.124,101.147
1868,2023-05-09 00:47:28,101.125,101.148
1869,2023-05-09 00:47:30,101.1225,101.1455
1871,2023-05-09 00:47:31,101.12,101.143
1872,2023-05-09 00:47:32,101.12049999999999,101.1435
1874,2023-05-09 00:47:38,101.121,101.144
1875,2023-05-09 00:47:39,101.12,101.143
1876,2023-05-09 00:47:40,101.119,101.142
1877,2023-05-09 00:47:41,101.118,101.141
1878,2023-05-09 00:47:43,101.119,101.142
1879,2023-05-09 00:47:57,101.12,101.143
1880,2023-05-09 00:48:00,101.12,101.143
1881,2023-05-09 00:48:02,101.119,101.142
1882,2023-05-09 00:48:04,101.1225,101.1455
1884,2023-05-09 00:48:06,101.124,101.147
1885,2023-05-09 00:48:07,101.12,101.143
1886,2023-05-09 00:48:12,101.119,101.142
1887,2023-05-09 00:48:14,101.118,101.141
1888,2023-05-09 00:48:16,101.117,101.14
1889,2023-05-09 00:48:22,101.121,101.144
1892,2023-05-09 00:48:23,101.121,101.144
1893,2023-05-09 00:48:25,101.12,101.143
1894,2023-05-09 00:48:29,101.121,101.144
1895,2023-05-09 00:48:30,101.122,101.145
1896,2023-05-09 00:48:32,101.121,101.144
1897,2023-05-09 00:48:36,101.12,101.143
1898,2023-05-09 00:48:41,101.119,101.142
1899,2023-05-09 00:48:47,101.11449999999999,101.1375
1901,2023-05-09 00:48:50,101.117,101.14
1902,2023-05-09 00:48:52,101.118,101.141
1903,2023-05-09 00:48:55,101.116,101.139
1904,2023-05-09 00:48:59,101.117,101.14
1905,2023-05-09 00:49:00,101.1165,101.1395
1907,2023-05-09 00:49:01,101.117,101.14
1908,2023-05-09 00:49:02,101.118,101.14099999999999
1910,2023-05-09 00:49:03,101.1185,101.14150000000001
1912,2023-05-09 00:49:06,101.115,101.138
1913,2023-05-09 00:49:07,101.1125,101.13550000000001
1915,2023-05-09 00:49:08,101.112,101.13499999999999
1917,2023-05-09 00:49:09,101.1095,101.1325
1919,2023-05-09 00:49:22,101.106,101.12899999999999
1921,2023-05-09 00:49:26,101.106,101.129
1922,2023-05-09 00:49:28,101.105,101.128
1923,2023-05-09 00:49:29,101.106,101.129
1924,2023-05-09 00:49:32,101.108,101.131
1925,2023-05-09 00:49:34,101.107,101.13
1926,2023-05-09 00:49:38,101.10300000000001,101.126
1928,2023-05-09 00:49:39,101.099,101.122
1929,2023-05-09 00:49:42,101.1,101.123
1930,2023-05-09 00:49:44,101.099,101.122
1931,2023-05-09 00:49:46,101.101,101.124
1932,2023-05-09 00:49:47,101.10249999999999,101.1255
1934,2023-05-09 00:49:49,101.10300000000001,101.126
1936,2023-05-09 00:49:50,101.108,101.131
1939,2023-05-09 00:49:52,101.108,101.131
1940,2023-05-09 00:49:53,101.11,101.133
1941,2023-05-09 00:49:54,101.107,101.13
1942,2023-05-09 00:49:55,101.108,101.131
1943,2023-05-09 00:49:58,101.109,101.132
1944,2023-05-09 00:49:59,101.111,101.134
1945,2023-05-09 00:50:00,101.1105,101.1335
1947,2023-05-09 00:50:02,101.109,101.132
1948,2023-05-09 00:50:03,101.1095,101.1325
1950,2023-05-09 00:50:04,101.11,101.133
1951,2023-05-09 00:50:05,101.11,101.133
1954,2023-05-09 00:50:06,101.113,101.136
1957,2023-05-09 00:50:07,101.115,101.138
1958,2023-05-09 00:50:09,101.116,101.139
1959,2023-05-09 00:50:10,101.118,101.14099999999999
1961,2023-05-09 00:50:11,101.12,101.143
1962,2023-05-09 00:50:13,101.121,101.144
1963,2023-05-09 00:50:14,101.1215,101.1445
1965,2023-05-09 00:50:15,101.122,101.145
1966,2023-05-09 00:50:19,101.121,101.144
1969,2023-05-09 00:50:20,101.122,101.145
1970,2023-05-09 00:50:24,101.124,101.147
1971,2023-05-09 00:50:25,101.1225,101.1455
1973,2023-05-09 00:50:28,101.123,101.146
1974,2023-05-09 00:50:29,101.126,101.149
1975,2023-05-09 00:50:30,101.124,101.147
1976,2023-05-09 00:50:33,101.126,101.149
1978,2023-05-09 00:50:35,101.125,101.148
1979,2023-05-09 00:50:36,101.127,101.15
1980,2023-05-09 00:50:40,101.128,101.151
1981,2023-05-09 00:50:41,101.1255,101.1485
1983,2023-05-09 00:50:43,101.128,101.151
1984,2023-05-09 00:50:44,101.129,101.152
1985,2023-05-09 00:50:45,101.128,101.15100000000001
1987,2023-05-09 00:50:50,101.13,101.153
1988,2023-05-09 00:50:52,101.12899999999999,101.152
1990,2023-05-09 00:50:53,101.132,101.155
1993,2023-05-09 00:50:54,101.132,101.155
1994,2023-05-09 00:50:58,101.1315,101.1545
1996,2023-05-09 00:51:00,101.132,101.155
1997,2023-05-09 00:51:01,101.1345,101.1575
1999,2023-05-09 00:51:02,101.136,101.159
2000,2023-05-09 00:51:04,101.133,101.156
2001,2023-05-09 00:51:05,101.135,101.158
2002,2023-05-09 00:51:06,101.136,101.159
2003,2023-05-09 00:51:07,101.13550000000001,101.1585
2005,2023-05-09 00:51:08,101.13550000000001,101.1585
2007,2023-05-09 00:51:10,101.137,101.16
2008,2023-05-09 00:51:15,101.1335,101.1565
2010,2023-05-09 00:51:18,101.13149999999999,101.15450000000001
2012,2023-05-09 00:51:20,101.134,101.157
2013,2023-05-09 00:51:26,101.133,101.156
2014,2023-05-09 00:51:29,101.129,101.152
2015,2023-05-09 00:51:30,101.132,101.155
2016,2023-05-09 00:51:31,101.1305,101.15350000000001
2018,2023-05-09 00:51:33,101.131,101.154
2019,2023-05-09 00:51:34,101.12950000000001,101.1525
2021,2023-05-09 00:51:35,101.128,101.151
2022,2023-05-09 00:51:36,101.12,101.143
2024,2023-05-09 00:51:37,101.113,101.136
2027,2023-05-09 00:51:38,101.1075,101.1305
2029,2023-05-09 00:51:39,101.10300000000001,101.126
2031,2023-05-09 00:51:40,101.098,101.121
2032,2023-05-09 00:51:43,101.103,101.126
2036,2023-05-09 00:51:44,101.10249999999999,101.1255
2038,2023-05-09 00:51:45,101.1045,101.1275
2040,2023-05-09 00:51:47,101.108,101.131
2041,2023-05-09 00:51:48,101.109,101.132
2042,2023-05-09 00:51:49,101.1115,101.1345
2044,2023-05-09 00:51:50,101.111,101.134
2045,2023-05-09 00:51:51,101.112,101.135
2046,2023-05-09 00:51:52,101.1075,101.1305
2048,2023-05-09 00:51:55,101.11,101.133
2049,2023-05-09 00:51:56,101.111,101.134
2050,2023-05-09 00:51:59,101.115,101.138
2051,2023-05-09 00:52:00,101.116,101.13900000000001
2053,2023-05-09 00:52:01,101.117,101.14
2056,2023-05-09 00:52:03,101.123,101.146
2057,2023-05-09 00:52:05,101.1215,101.1445
2059,2023-05-09 00:52:07,101.12,101.143
2060,2023-05-09 00:52:10,101.116,101.139
2061,2023-05-09 00:52:13,101.117,101.14
2062,2023-05-09 00:52:15,101.1165,101.1395
2064,2023-05-09 00:52:18,101.119,101.142
2066,2023-05-09 00:52:22,101.1175,101.1405
2068,2023-05-09 00:52:23,101.12,101.143
2069,2023-05-09 00:52:25,101.126,101.149
2071,2023-05-09 00:52:27,101.126,101.149
2072,2023-05-09 00:52:28,101.124,101.147
2073,2023-05-09 00:52:29,101.125,101.148
2075,2023-05-09 00:52:32,101.128,101.151
2078,2023-05-09 00:52:34,101.13550000000001,101.1585
2080,2023-05-09 00:52:37,101.1385,101.1615
2082,2023-05-09 00:52:38,101.142,101.165
2083,2023-05-09 00:52:41,101.14150000000001,101.1645
2085,2023-05-09 00:52:42,101.143,101.166
2086,2023-05-09 00:52:43,101.144,101.167
2087,2023-05-09 00:52:45,101.143,101.166
2088,2023-05-09 00:52:47,101.148,101.171
2089,2023-05-09 00:52:48,101.145,101.168
2090,2023-05-09 00:52:49,101.143,101.166
2091,2023-05-09 00:52:51,101.138,101.161
2094,2023-05-09 00:52:53,101.13900000000001,101.162
2096,2023-05-09 00:52:54,101.14150000000001,101.1645
2098,2023-05-09 00:52:58,101.144,101.167
2099,2023-05-09 00:53:00,101.144,101.167
2100,2023-05-09 00:53:04,101.143,101.166
2101,2023-05-09 00:53:05,101.147,101.17
2102,2023-05-09 00:53:06,101.149,101.172
2103,2023-05-09 00:53:10,101.155,101.178
2104,2023-05-09 00:53:13,101.157,101.18
2105,2023-05-09 00:53:15,101.155,101.178
2106,2023-05-09 00:53:16,101.15700000000001,101.18
2108,2023-05-09 00:53:17,101.157,101.18
2109,2023-05-09 00:53:18,101.158,101.181
2110,2023-05-09 00:53:19,101.1565,101.1795
2112,2023-05-09 00:53:23,101.155,101.178
2113,2023-05-09 00:53:24,101.155,101.178
2115,2023-05-09 00:53:27,101.153,101.176
2116,2023-05-09 00:53:28,101.149,101.172
2117,2023-05-09 00:53:30,101.1525,101.1755
2119,2023-05-09 00:53:32,101.1565,101.1795
2121,2023-05-09 00:53:42,101.158,101.181
2122,2023-05-09 00:53:44,101.1615,101.1845
2124,2023-05-09 00:53:45,101.161,101.184
2126,2023-05-09 00:53:46,101.15950000000001,101.1825
2128,2023-05-09 00:53:50,101.158,101.181
2129,2023-05-09 00:53:53,101.159,101.182
2130,2023-05-09 00:53:57,101.15950000000001,101.1825
2132,2023-05-09 00:53:59,101.158,101.181
2133,2023-05-09 00:54:00,101.1575,101.1805
2135,2023-05-09 00:54:02,101.16300000000001,101.186
2137,2023-05-09 00:54:04,101.165,101.188
2138,2023-05-09 00:54:05,101.1685,101.19149999999999
2140,2023-05-09 00:54:06,101.1705,101.1935
2142,2023-05-09 00:54:07,101.17150000000001,101.1945
2144,2023-05-09 00:54:08,101.166,101.189
2145,2023-05-09 00:54:09,101.165,101.188
2146,2023-05-09 00:54:10,101.164,101.187
2147,2023-05-09 00:54:13,101.163,101.186
2148,2023-05-09 00:54:14,101.165,101.188
2149,2023-05-09 00:54:16,101.163,101.186
2152,2023-05-09 00:54:17,101.152,101.175
2155,2023-05-09 00:54:19,101.1505,101.17349999999999
2157,2023-05-09 00:54:20,101.151,101.174
2158,2023-05-09 00:54:21,101.1525,101.1755
2160,2023-05-09 00:54:22,101.151,101.174
2161,2023-05-09 00:54:23,101.152,101.175
2162,2023-05-09 00:54:25,101.151,101.174
2163,2023-05-09 00:54:26,101.155,101.178
2165,2023-05-09 00:54:27,101.157,101.18
2166,2023-05-09 00:54:28,101.156,101.179
2167,2023-05-09 00:54:29,101.149,101.172
2170,2023-05-09 00:54:30,101.148,101.171
2171,2023-05-09 00:54:34,101.145,101.168
2174,2023-05-09 00:54:36,101.147,101.17
2177,2023-05-09 00:54:37,101.149,101.172
2178,2023-05-09 00:54:40,101.148,101.171
2179,2023-05-09 00:54:42,101.142,101.165
2182,2023-05-09 00:54:43,101.143,101.166
2183,2023-05-09 00:54:44,101.142,101.165
2184,2023-05-09 00:54:45,101.143,101.166
2185,2023-05-09 00:54:46,101.142,101.165
2186,2023-05-09 00:54:47,101.1445,101.16749999999999
2188,2023-05-09 00:54:48,101.145,101.168
2189,2023-05-09 00:54:49,101.144,101.167
2190,2023-05-09 00:54:51,101.145,101.168
2191,2023-05-09 00:54:54,101.146,101.169
2192,2023-05-09 00:54:55,101.14349999999999,101.16650000000001
2194,2023-05-09 00:54:56,101.144,101.167
2198,2023-05-09 00:54:57,101.143,101.166
2201,2023-05-09 00:54:58,101.141,101.164
2202,2023-05-09 00:54:59,101.142,101.165
2203,2023-05-09 00:55:00,101.139,101.162
2206,2023-05-09 00:55:01,101.143,101.166
2208,2023-05-09 00:55:02,101.144,101.167
2211,2023-05-09 00:55:03,101.14150000000001,101.1645
2215,2023-05-09 00:55:04,101.144,101.167
2216,2023-05-09 00:55:05,101.143,101.166
2219,2023-05-09 00:55:06,101.1405,101.1635
2221,2023-05-09 00:55:07,101.137,101.16
2224,2023-05-09 00:55:08,101.134,101.157
2225,2023-05-09 00:55:09,101.129,101.152
2227,2023-05-09 00:55:10,101.124,101.147
2230,2023-05-09 00:55:11,101.1245,101.14750000000001
2234,2023-05-09 00:55:12,101.1225,101.1455
2236,2023-05-09 00:55:13,101.1215,101.1445
2238,2023-05-09 00:55:14,101.122,101.145
2239,2023-05-09 00:55:15,101.123,101.146
2242,2023-05-09 00:55:19,101.1195,101.1425
2244,2023-05-09 00:55:20,101.118,101.141
2245,2023-05-09 00:55:24,101.1175,101.1405
2247,2023-05-09 00:55:27,101.116,101.139
2250,2023-05-09 00:55:30,101.119,101.142
2252,2023-05-09 00:55:31,101.117,101.14
2253,2023-05-09 00:55:33,101.115,101.138
2254,2023-05-09 00:55:36,101.1165,101.1395
2256,2023-05-09 00:55:39,101.115,101.138
2257,2023-05-09 00:55:40,101.1155,101.1385
2259,2023-05-09 00:55:41,101.115,101.138
2262,2023-05-09 00:55:42,101.1155,101.1385
2264,2023-05-09 00:55:43,101.115,101.138
2265,2023-05-09 00:55:44,101.116,101.139
2266,2023-05-09 00:55:48,101.115,101.138
2267,2023-05-09 00:55:49,101.116,101.139
2268,2023-05-09 00:55:52,101.112,101.13499999999999
2270,2023-05-09 00:55:55,101.108,101.131
2271,2023-05-09 00:55:56,101.101,101.124
2273,2023-05-09 00:55:57,101.0985,101.1215
2275,2023-05-09 00:55:58,101.098,101.121
2276,2023-05-09 00:56:00,101.0975,101.12049999999999
2278,2023-05-09 00:56:01,101.09649999999999,101.11949999999999
2280,2023-05-09 00:56:02,101.0985,101.1215
2282,2023-05-09 00:56:03,101.1,101.12299999999999
2284,2023-05-09 00:56:04,101.1,101.123
2285,2023-05-09 00:56:05,101.101,101.124
2288,2023-05-09 00:56:06,101.0995,101.1225
2290,2023-05-09 00:56:07,101.0975,101.12049999999999
2292,2023-05-09 00:56:08,101.096,101.119
2293,2023-05-09 00:56:10,101.09299999999999,101.116
2295,2023-05-09 00:56:11,101.0925,101.1155
2297,2023-05-09 00:56:12,101.092,101.115
2298,2023-05-09 00:56:13,101.091,101.114
2301,2023-05-09 00:56:15,101.0925,101.1155
2303,2023-05-09 00:56:16,101.095,101.118
2306,2023-05-09 00:56:17,101.0955,101.1185
2308,2023-05-09 00:56:18,101.093,101.116
2311,2023-05-09 00:56:21,101.0925,101.1155
2313,2023-05-09 00:56:23,101.093,101.116
2314,2023-05-09 00:56:24,101.094,101.117
2315,2023-05-09 00:56:25,101.092,101.115
2316,2023-05-09 00:56:26,101.095,101.118
2319,2023-05-09 00:56:27,101.094,101.117
2322,2023-05-09 00:56:29,101.094,101.117
2323,2023-05-09 00:56:32,101.093,101.116
2324,2023-05-09 00:56:33,101.0985,101.1215
2326,2023-05-09 00:56:36,101.097,101.12
2327,2023-05-09 00:56:37,101.096,101.119
2330,2023-05-09 00:56:38,101.097,101.12
2331,2023-05-09 00:56:39,101.1,101.123
2334,2023-05-09 00:56:41,101.099,101.122
2335,2023-05-09 00:56:43,101.098,101.121
2336,2023-05-09 00:56:47,101.10249999999999,101.1255
2338,2023-05-09 00:56:49,101.103,101.126
2339,2023-05-09 00:56:50,101.104,101.127
2340,2023-05-09 00:56:53,101.105,101.128
2341,2023-05-09 00:56:54,101.106,101.129
2342,2023-05-09 00:56:55,101.105,101.128
2343,2023-05-09 00:56:56,101.1065,101.12950000000001
2347,2023-05-09 00:57:00,101.105,101.128
2348,2023-05-09 00:57:01,101.106,101.129
2349,2023-05-09 00:57:02,101.107,101.13
2350,2023-05-09 00:57:03,101.108,101.131
2351,2023-05-09 00:57:13,101.109,101.132
2352,2023-05-09 00:57:19,101.11,101.133
2353,2023-05-09 00:57:21,101.111,101.134
2354,2023-05-09 00:57:24,101.1105,101.1335
2356,2023-05-09 00:57:26,101.11,101.133
2357,2023-05-09 00:57:29,101.112,101.135
2358,2023-05-09 00:57:30,101.111,101.134
2359,2023-05-09 00:57:31,101.113,101.136
2360,2023-05-09 00:57:33,101.112,101.135
2361,2023-05-09 00:57:34,101.1095,101.1325
2363,2023-05-09 00:57:35,101.108,101.131
2364,2023-05-09 00:57:37,101.107,101.13
2365,2023-05-09 00:57:41,101.106,101.129
2366,2023-05-09 00:57:43,101.102,101.125
2367,2023-05-09 00:57:45,101.101,101.124
2368,2023-05-09 00:57:46,101.103,101.126
2369,2023-05-09 00:57:47,101.106,101.12899999999999
2371,2023-05-09 00:57:50,101.106,101.129
2372,2023-05-09 00:57:51,101.105,101.128
2373,2023-05-09 00:57:56,101.104,101.127
2374,2023-05-09 00:57:59,101.105,101.128
2375,2023-05-09 00:58:00,101.1045,101.1275
2377,2023-05-09 00:58:01,101.101,101.124
2380,2023-05-09 00:58:06,101.095,101.118
2381,2023-05-09 00:58:08,101.096,101.119
2382,2023-05-09 00:58:09,101.095,101.118
2383,2023-05-09 00:58:10,101.096,101.119
2384,2023-05-09 00:58:11,101.0885,101.1115
2386,2023-05-09 00:58:13,101.088,101.111
2387,2023-05-09 00:58:16,101.0925,101.1155
2389,2023-05-09 00:58:20,101.094,101.117
2390,2023-05-09 00:58:21,101.0945,101.1175
2392,2023-05-09 00:58:22,101.0925,101.1155
2394,2023-05-09 00:58:24,101.09299999999999,101.116
2396,2023-05-09 00:58:26,101.093,101.116
2397,2023-05-09 00:58:29,101.092,101.115
2398,2023-05-09 00:58:32,101.0925,101.1155
2400,2023-05-09 00:58:35,101.091,101.114
2401,2023-05-09 00:58:36,101.0915,101.11449999999999
2403,2023-05-09 00:58:38,101.09,101.113
2404,2023-05-09 00:58:42,101.0885,101.1115
2406,2023-05-09 00:58:44,101.089,101.112
2407,2023-05-09 00:58:46,101.088,101.111
2408,2023-05-09 00:58:48,101.087,101.11
2409,2023-05-09 00:58:50,101.083,101.106
2410,2023-05-09 00:58:52,101.0835,101.1065
2412,2023-05-09 00:58:54,101.0835,101.1065
2414,2023-05-09 00:58:57,101.084,101.107
2415,2023-05-09 00:58:58,101.085,101.108
2416,2023-05-09 00:58:59,101.084,101.107
2417,2023-05-09 00:59:00,101.084,101.107
2418,2023-05-09 00:59:02,101.0835,101.1065
2420,2023-05-09 00:59:03,101.0805,101.1035
2422,2023-05-09 00:59:05,101.076,101.099
2425,2023-05-09 00:59:06,101.076,101.099
2428,2023-05-09 00:59:07,101.077,101.1
2429,2023-05-09 00:59:13,101.07849999999999,101.1015
2431,2023-05-09 00:59:15,101.079,101.102
2434,2023-05-09 00:59:16,101.08,101.103
2435,2023-05-09 00:59:17,101.078,101.101
2436,2023-05-09 00:59:20,101.077,101.1
2437,2023-05-09 00:59:21,101.079,101.102
2438,2023-05-09 00:59:22,101.078,101.101
2439,2023-05-09 00:59:23,101.0775,101.1005
2441,2023-05-09 00:59:25,101.079,101.102
2442,2023-05-09 00:59:26,101.082,101.10499999999999
2444,2023-05-09 00:59:27,101.083,101.106
2445,2023-05-09 00:59:29,101.084,101.107
2446,2023-05-09 00:59:32,101.085,101.108
2447,2023-05-09 00:59:34,101.0895,101.1125
2449,2023-05-09 00:59:37,101.09,101.113
2451,2023-05-09 00:59:39,101.09,101.113
2452,2023-05-09 00:59:40,101.091,101.114
2453,2023-05-09 00:59:43,101.092,101.115
2454,2023-05-09 00:59:45,101.091,101.114
2455,2023-05-09 00:59:52,101.09049999999999,101.1135
2457,2023-05-09 00:59:53,101.092,101.115
2458,2023-05-09 00:59:57,101.093,101.116
2459,2023-05-09 00:59:59,101.091,101.114
2460,2023-05-09 01:00:00,101.091,101.114
2461,2023-05-09 01:00:02,101.093,101.116
2462,2023-05-09 01:00:03,101.092,101.115
2463,2023-05-09 01:00:04,101.091,101.114
2464,2023-05-09 01:00:06,101.09,101.113
2465,2023-05-09 01:00:09,101.089,101.112
2466,2023-05-09 01:00:10,101.088,101.111
2467,2023-05-09 01:00:11,101.089,101.112
2468,2023-05-09 01:00:13,101.088,101.111
2469,2023-05-09 01:00:18,101.083,101.106
2470,2023-05-09 01:00:20,101.081,101.104
2473,2023-05-09 01:00:21,101.0795,101.10249999999999
2475,2023-05-09 01:00:22,101.0795,101.10249999999999
2477,2023-05-09 01:00:25,101.078,101.101
2478,2023-05-09 01:00:26,101.079,101.102
2479,2023-05-09 01:00:30,101.08,101.103
2480,2023-05-09 01:00:31,101.0735,101.09649999999999
2482,2023-05-09 01:00:32,101.072,101.095
2485,2023-05-09 01:00:33,101.072,101.095
2489,2023-05-09 01:00:34,101.073,101.096
2490,2023-05-09 01:00:41,101.07249999999999,101.0955
2492,2023-05-09 01:00:42,101.072,101.095
2493,2023-05-09 01:00:44,101.0715,101.0945
2495,2023-05-09 01:00:47,101.071,101.094
2496,2023-05-09 01:00:49,101.073,101.096
2497,2023-05-09 01:00:50,101.0775,101.1005
2499,2023-05-09 01:00:53,101.08099999999999,101.104
2501,2023-05-09 01:00:54,101.0855,101.10849999999999
2503,2023-05-09 01:00:56,101.083,101.106
2504,2023-05-09 01:00:57,101.08449999999999,101.1075
2506,2023-05-09 01:01:00,101.088,101.111
2507,2023-05-09 01:01:01,101.087,101.11
2510,2023-05-09 01:01:02,101.09100000000001,101.114
2512,2023-05-09 01:01:05,101.094,101.117
2513,2023-05-09 01:01:07,101.0925,101.1155
2515,2023-05-09 01:01:09,101.093,101.116
2516,2023-05-09 01:01:10,101.095,101.118
2518,2023-05-09 01:01:13,101.098,101.121
2521,2023-05-09 01:01:19,101.0955,101.1185
2523,2023-05-09 01:01:20,101.094,101.117
2524,2023-05-09 01:01:22,101.093,101.116
2525,2023-05-09 01:01:23,101.091,101.114
2526,2023-05-09 01:01:24,101.093,101.116
2527,2023-05-09 01:01:25,101.092,101.115
2528,2023-05-09 01:01:26,101.093,101.116
2529,2023-05-09 01:01:27,101.0925,101.1155
2531,2023-05-09 01:01:28,101.094,101.117
2532,2023-05-09 01:01:31,101.09700000000001,101.12
2534,2023-05-09 01:01:32,101.098,101.121
2535,2023-05-09 01:01:35,101.097,101.12
2536,2023-05-09 01:01:36,101.096,101.119
2537,2023-05-09 01:01:39,101.0955,101.1185
2541,2023-05-09 01:01:40,101.096,101.119
2542,2023-05-09 01:01:47,101.095,101.118
2543,2023-05-09 01:01:50,101.09,101.113
2545,2023-05-09 01:01:51,101.087,101.11
2546,2023-05-09 01:01:52,101.086,101.109
2547,2023-05-09 01:01:53,101.088,101.111
2548,2023-05-09 01:01:54,101.086,101.109
2549,2023-05-09 01:01:55,101.0885,101.1115
2551,2023-05-09 01:01:56,101.091,101.114
2552,2023-05-09 01:01:58,101.089,101.112
2553,2023-05-09 01:01:59,101.084,101.107
2554,2023-05-09 01:02:00,101.085,101.108
2555,2023-05-09 01:02:02,101.0855,101.10849999999999
2557,2023-05-09 01:02:05,101.088,101.111
2558,2023-05-09 01:02:08,101.087,101.11
2559,2023-05-09 01:02:17,101.088,101.111
2560,2023-05-09 01:02:21,101.09,101.113
2561,2023-05-09 01:02:30,101.088,101.111
2564,2023-05-09 01:02:31,101.0885,101.1115
2566,2023-05-09 01:02:33,101.087,101.11
2567,2023-05-09 01:02:35,101.084,101.107
2568,2023-05-09 01:02:37,101.082,101.105
2569,2023-05-09 01:02:40,101.081,101.104
2570,2023-05-09 01:02:41,101.079,101.102
2571,2023-05-09 01:02:43,101.08,101.103
2572,2023-05-09 01:02:51,101.081,101.104
2573,2023-05-09 01:02:53,101.08,101.103
2574,2023-05-09 01:02:54,101.081,101.104
2575,2023-05-09 01:02:56,101.08,101.103
2576,2023-05-09 01:02:57,101.0805,101.1035
2578,2023-05-09 01:03:00,101.08,101.103
2579,2023-05-09 01:03:02,101.079,101.102
2580,2023-05-09 01:03:06,101.0735,101.09649999999999
2582,2023-05-09 01:03:08,101.073,101.096
2583,2023-05-09 01:03:10,101.072,101.095
2584,2023-05-09 01:03:13,101.071,101.094
2585,2023-05-09 01:03:14,101.066,101.089
2587,2023-05-09 01:03:15,101.063,101.086
2588,2023-05-09 01:03:17,101.063,101.086
2590,2023-05-09 01:03:18,101.0635,101.0865
2594,2023-05-09 01:03:19,101.065,101.088
2597,2023-05-09 01:03:21,101.068,101.09100000000001
2599,2023-05-09 01:03:22,101.071,101.094
2600,2023-05-09 01:03:26,101.072,101.095
2601,2023-05-09 01:03:27,101.074,101.09700000000001
2603,2023-05-09 01:03:29,101.074,101.097
2604,2023-05-09 01:03:32,101.072,101.095
2605,2023-05-09 01:03:38,101.073,101.096
2606,2023-05-09 01:03:42,101.072,101.095
2607,2023-05-09 01:03:52,101.075,101.098
2608,2023-05-09 01:03:53,101.0775,101.1005
2610,2023-05-09 01:03:56,101.078,101.101
2612,2023-05-09 01:03:58,101.0775,101.1005
2614,2023-05-09 01:04:00,101.078,101.101
2615,2023-05-09 01:04:01,101.079,101.102
2616,2023-05-09 01:04:02,101.082,101.10499999999999
2618,2023-05-09 01:04:03,101.0855,101.10849999999999
2620,2023-05-09 01:04:04,101.0865,101.1095
2622,2023-05-09 01:04:06,101.0835,101.1065
2624,2023-05-09 01:04:07,101.084,101.107
2625,2023-05-09 01:04:08,101.0825,101.1055
2627,2023-05-09 01:04:09,101.0825,101.1055
2629,2023-05-09 01:04:10,101.078,101.101
2631,2023-05-09 01:04:11,101.0805,101.1035
2633,2023-05-09 01:04:13,101.08,101.103
2634,2023-05-09 01:04:14,101.079,101.102
2635,2023-05-09 01:04:15,101.083,101.106
2636,2023-05-09 01:04:18,101.086,101.109
2637,2023-05-09 01:04:19,101.085,101.108
2638,2023-05-09 01:04:20,101.08449999999999,101.1075
2640,2023-05-09 01:04:32,101.086,101.109
2641,2023-05-09 01:04:37,101.085,101.108
2642,2023-05-09 01:04:39,101.0795,101.10249999999999
2644,2023-05-09 01:04:40,101.081,101.104
2645,2023-05-09 01:04:42,101.083,101.106
2646,2023-05-09 01:04:44,101.084,101.107
2647,2023-05-09 01:04:46,101.0855,101.10849999999999
2649,2023-05-09 01:04:47,101.09,101.113
2651,2023-05-09 01:04:48,101.09,101.113
2652,2023-05-09 01:04:50,101.091,101.114
2653,2023-05-09 01:04:53,101.09049999999999,101.1135
2655,2023-05-09 01:05:00,101.091,101.114
2656,2023-05-09 01:05:02,101.089,101.112
2659,2023-05-09 01:05:03,101.09049999999999,101.1135
2661,2023-05-09 01:05:07,101.0875,101.1105
2663,2023-05-09 01:05:08,101.086,101.109
2664,2023-05-09 01:05:09,101.081,101.104
2665,2023-05-09 01:05:11,101.079,101.102
2666,2023-05-09 01:05:12,101.08,101.103
2667,2023-05-09 01:05:15,101.084,101.107
2670,2023-05-09 01:05:16,101.08699999999999,101.11
2672,2023-05-09 01:05:17,101.085,101.108
2673,2023-05-09 01:05:18,101.08449999999999,101.1075
2675,2023-05-09 01:05:19,101.084,101.107
2676,2023-05-09 01:05:21,101.083,101.106
2677,2023-05-09 01:05:24,101.083,101.106
2680,2023-05-09 01:05:27,101.083,101.106
2681,2023-05-09 01:05:38,101.07849999999999,101.1015
2683,2023-05-09 01:05:40,101.0775,101.1005
2685,2023-05-09 01:05:43,101.08,101.103
2686,2023-05-09 01:05:44,101.079,101.102
2687,2023-05-09 01:05:52,101.08,101.103
2688,2023-05-09 01:05:53,101.0795,101.10249999999999
2690,2023-05-09 01:05:58,101.076,101.099
2691,2023-05-09 01:06:00,101.0795,101.10249999999999
2693,2023-05-09 01:06:01,101.07849999999999,101.1015
2695,2023-05-09 01:06:04,101.079,101.102
2696,2023-05-09 01:06:05,101.08,101.103
2697,2023-05-09 01:06:07,101.077,101.1
2698,2023-05-09 01:06:08,101.078,101.101
2699,2023-05-09 01:06:09,101.077,101.1
2700,2023-05-09 01:06:11,101.078,101.101
2701,2023-05-09 01:06:13,101.077,101.1
2702,2023-05-09 01:06:22,101.076,101.099
2703,2023-05-09 01:06:23,101.077,101.1
2704,2023-05-09 01:06:24,101.0765,101.0995
2706,2023-05-09 01:06:26,101.076,101.099
2707,2023-05-09 01:06:28,101.075,101.098
2708,2023-05-09 01:06:29,101.069,101.092
2709,2023-05-09 01:06:31,101.072,101.095
2710,2023-05-09 01:06:32,101.07249999999999,101.0955
2712,2023-05-09 01:06:34,101.071,101.094
2713,2023-05-09 01:06:37,101.076,101.099
2714,2023-05-09 01:06:38,101.07249999999999,101.0955
2718,2023-05-09 01:06:39,101.07,101.093
2719,2023-05-09 01:06:42,101.069,101.092
2720,2023-05-09 01:06:46,101.07,101.093
2721,2023-05-09 01:06:47,101.0695,101.0925
2723,2023-05-09 01:06:51,101.069,101.092
2724,2023-05-09 01:06:52,101.07,101.093
2725,2023-05-09 01:06:53,101.071,101.094
2726,2023-05-09 01:06:55,101.0735,101.09649999999999
2728,2023-05-09 01:06:56,101.072,101.095
2729,2023-05-09 01:06:58,101.071,101.094
2730,2023-05-09 01:07:00,101.071,101.094
2733,2023-05-09 01:07:01,101.07,101.093
2734,2023-05-09 01:07:04,101.069,101.092
2735,2023-05-09 01:07:05,101.07,101.093
2736,2023-05-09 01:07:06,101.071,101.094
2737,2023-05-09 01:07:07,101.07,101.093
2738,2023-05-09 01:07:14,101.0685,101.0915
2740,2023-05-09 01:07:15,101.068,101.091
2741,2023-05-09 01:07:17,101.066,101.089
2742,2023-05-09 01:07:19,101.064,101.087
2745,2023-05-09 01:07:20,101.065,101.088
2746,2023-05-09 01:07:21,101.064,101.087
2747,2023-05-09 01:07:22,101.0655,101.0885
2749,2023-05-09 01:07:24,101.0675,101.09049999999999
2751,2023-05-09 01:07:25,101.069,101.092
2752,2023-05-09 01:07:26,101.068,101.091
2753,2023-05-09 01:07:27,101.0695,101.0925
2755,2023-05-09 01:07:28,101.071,101.094
2756,2023-05-09 01:07:29,101.072,101.095
2757,2023-05-09 01:07:32,101.076,101.099
2758,2023-05-09 01:07:33,101.078,101.101
2760,2023-05-09 01:07:34,101.08,101.103
2761,2023-05-09 01:07:35,101.077,101.1
2762,2023-05-09 01:07:36,101.076,101.099
2763,2023-05-09 01:07:43,101.075,101.098
2764,2023-05-09 01:07:48,101.076,101.099
2765,2023-05-09 01:07:51,101.075,101.098
2766,2023-05-09 01:07:52,101.074,101.097
2767,2023-05-09 01:07:57,101.073,101.096
2768,2023-05-09 01:07:58,101.074,101.097
2769,2023-05-09 01:08:00,101.071,101.094
2771,2023-05-09 01:08:02,101.069,101.092
2772,2023-05-09 01:08:03,101.068,101.091
2773,2023-05-09 01:08:04,101.069,101.092
2774,2023-05-09 01:08:07,101.068,101.091
2775,2023-05-09 01:08:08,101.066,101.089
2776,2023-05-09 01:08:10,101.067,101.09
2777,2023-05-09 01:08:14,101.066,101.089
2778,2023-05-09 01:08:16,101.067,101.09
2779,2023-05-09 01:08:17,101.06700000000001,101.09
2781,2023-05-09 01:08:18,101.065,101.088
2782,2023-05-09 01:08:19,101.0655,101.0885
2784,2023-05-09 01:08:26,101.066,101.089
2785,2023-05-09 01:08:38,101.063,101.086
2787,2023-05-09 01:08:39,101.06,101.083
2788,2023-05-09 01:08:41,101.061,101.084
2789,2023-05-09 01:08:43,101.0595,101.0825
2791,2023-05-09 01:08:44,101.059,101.082
2794,2023-05-09 01:08:46,101.06,101.083
2795,2023-05-09 01:08:47,101.061,101.084
2796,2023-05-09 01:08:48,101.06,101.083
2797,2023-05-09 01:08:51,101.0605,101.0835
2799,2023-05-09 01:08:52,101.062,101.085
2800,2023-05-09 01:08:53,101.0605,101.0835
2802,2023-05-09 01:08:55,101.0605,101.0835
2804,2023-05-09 01:08:57,101.061,101.084
2805,2023-05-09 01:08:58,101.0595,101.0825
2807,2023-05-09 01:09:00,101.058,101.081
2808,2023-05-09 01:09:04,101.06,101.083
2809,2023-05-09 01:09:09,101.064,101.087
2812,2023-05-09 01:09:10,101.064,101.087
2813,2023-05-09 01:09:11,101.063,101.086
2814,2023-05-09 01:09:12,101.062,101.08500000000001
2816,2023-05-09 01:09:14,101.059,101.082
2817,2023-05-09 01:09:19,101.06,101.083
2818,2023-05-09 01:09:22,101.062,101.085
2819,2023-05-09 01:09:24,101.066,101.089
2820,2023-05-09 01:09:27,101.069,101.092
2823,2023-05-09 01:09:28,101.072,101.095
2824,2023-05-09 01:09:29,101.073,101.096
2825,2023-05-09 01:09:30,101.074,101.097
2826,2023-05-09 01:09:31,101.075,101.098
2827,2023-05-09 01:09:58,101.077,101.1
2828,2023-05-09 01:10:00,101.077,101.1
2829,2023-05-09 01:10:01,101.076,101.099
2830,2023-05-09 01:10:02,101.077,101.1
2831,2023-05-09 01:10:03,101.078,101.101
2832,2023-05-09 01:10:04,101.0775,101.1005
2834,2023-05-09 01:10:16,101.077,101.1
2835,2023-05-09 01:10:19,101.076,101.099
2836,2023-05-09 01:10:20,101.0745,101.0975
2838,2023-05-09 01:10:21,101.0755,101.0985
2840,2023-05-09 01:10:22,101.0745,101.0975
2842,2023-05-09 01:10:23,101.0735,101.09649999999999
2844,2023-05-09 01:10:25,101.072,101.095
2845,2023-05-09 01:10:26,101.074,101.097
2846,2023-05-09 01:10:27,101.075,101.098
2847,2023-05-09 01:10:29,101.076,101.099
2848,2023-05-09 01:10:34,101.076,101.09899999999999
2850,2023-05-09 01:10:35,101.076,101.099
2851,2023-05-09 01:10:38,101.075,101.098
2852,2023-05-09 01:10:40,101.074,101.097
2853,2023-05-09 01:10:50,101.075,101.098
2854,2023-05-09 01:10:52,101.076,101.099
2855,2023-05-09 01:10:54,101.077,101.1
2856,2023-05-09 01:10:58,101.076,101.099
2857,2023-05-09 01:10:59,101.077,101.1
2858,2023-05-09 01:11:00,101.077,101.1
2859,2023-05-09 01:11:02,101.0755,101.0985
2861,2023-05-09 01:11:06,101.076,101.099
2862,2023-05-09 01:11:08,101.077,101.1
2863,2023-05-09 01:11:17,101.07900000000001,101.102
2865,2023-05-09 01:11:20,101.081,101.104
2866,2023-05-09 01:11:23,101.0825,101.1055
2868,2023-05-09 01:11:26,101.083,101.106
2869,2023-05-09 01:11:34,101.082,101.105
2870,2023-05-09 01:11:36,101.077,101.1
2871,2023-05-09 01:11:38,101.076,101.099
2872,2023-05-09 01:11:40,101.077,101.1
2873,2023-05-09 01:11:42,101.0755,101.0985
2875,2023-05-09 01:11:44,101.076,101.099
2876,2023-05-09 01:11:47,101.0745,101.0975
2878,2023-05-09 01:11:51,101.076,101.099
2879,2023-05-09 01:11:56,101.077,101.1
2880,2023-05-09 01:12:00,101.077,101.1
2881,2023-05-09 01:12:02,101.0775,101.1005
2883,2023-05-09 01:12:03,101.078,101.101
2884,2023-05-09 01:12:04,101.077,101.1
2885,2023-05-09 01:12:11,101.078,101.101
2886,2023-05-09 01:12:12,101.0765,101.0995
2888,2023-05-09 01:12:13,101.077,101.1
2889,2023-05-09 01:12:14,101.0745,101.0975
2891,2023-05-09 01:12:18,101.073,101.096
2892,2023-05-09 01:12:21,101.075,101.098
2893,2023-05-09 01:12:27,101.078,101.101
2894,2023-05-09 01:12:30,101.076,101.099
2895,2023-05-09 01:12:31,101.074,101.097
2896,2023-05-09 01:12:34,101.077,101.1
2898,2023-05-09 01:12:36,101.077,101.1
2899,2023-05-09 01:12:43,101.0775,101.1005
2901,2023-05-09 01:12:44,101.078,101.101
2902,2023-05-09 01:12:46,101.079,101.102
2903,2023-05-09 01:12:50,101.078,101.101
2904,2023-05-09 01:12:53,101.08,101.103
2905,2023-05-09 01:12:54,101.07849999999999,101.1015
2907,2023-05-09 01:12:58,101.079,101.102
2908,2023-05-09 01:13:00,101.079,101.102
2909,2023-05-09 01:13:02,101.08,101.103
2910,2023-05-09 01:13:06,101.079,101.102
2911,2023-05-09 01:13:12,101.08,101.103
2912,2023-05-09 01:13:13,101.079,101.102
2913,2023-05-09 01:13:14,101.081,101.104
2914,2023-05-09 01:13:16,101.082,101.105
2915,2023-05-09 01:13:18,101.081,101.104
2916,2023-05-09 01:13:19,101.08,101.103
2917,2023-05-09 01:13:22,101.078,101.101
2919,2023-05-09 01:13:23,101.076,101.099
2920,2023-05-09 01:13:24,101.078,101.101
2921,2023-05-09 01:13:28,101.079,101.102
2922,2023-05-09 01:13:31,101.08,101.103
2923,2023-05-09 01:13:32,101.0755,101.0985
2925,2023-05-09 01:13:36,101.074,101.097
2926,2023-05-09 01:13:37,101.075,101.098
2927,2023-05-09 01:13:39,101.076,101.099
2928,2023-05-09 01:13:40,101.075,101.098
2929,2023-05-09 01:13:41,101.076,101.099
2930,2023-05-09 01:14:00,101.076,101.099
2931,2023-05-09 01:14:02,101.075,101.098
2932,2023-05-09 01:14:04,101.0755,101.0985
2934,2023-05-09 01:14:05,101.076,101.099
2935,2023-05-09 01:14:09,101.069,101.092
2936,2023-05-09 01:14:10,101.066,101.089
2937,2023-05-09 01:14:11,101.07,101.093
2938,2023-05-09 01:14:12,101.069,101.092
2939,2023-05-09 01:14:13,101.07,101.093
2940,2023-05-09 01:14:14,101.0705,101.0935
2942,2023-05-09 01:14:15,101.0705,101.0935
2944,2023-05-09 01:14:16,101.0645,101.0875
2946,2023-05-09 01:14:20,101.065,101.088
2947,2023-05-09 01:14:21,101.067,101.09
2948,2023-05-09 01:14:22,101.061,101.084
2951,2023-05-09 01:14:23,101.0625,101.0855
2953,2023-05-09 01:14:25,101.064,101.08699999999999
2955,2023-05-09 01:14:26,101.0645,101.0875
2957,2023-05-09 01:14:27,101.065,101.088
2958,2023-05-09 01:14:29,101.069,101.092
2959,2023-05-09 01:14:31,101.068,101.091
2960,2023-05-09 01:14:32,101.06899999999999,101.092
2962,2023-05-09 01:14:35,101.061,101.084
2963,2023-05-09 01:14:37,101.063,101.086
2964,2023-05-09 01:14:38,101.062,101.085
2965,2023-05-09 01:14:39,101.0625,101.0855
2967,2023-05-09 01:14:41,101.063,101.086
2968,2023-05-09 01:14:44,101.0645,101.0875
2970,2023-05-09 01:14:45,101.068,101.091
2971,2023-05-09 01:14:49,101.069,101.092
2972,2023-05-09 01:14:52,101.068,101.091
2973,2023-05-09 01:14:55,101.066,101.089
2974,2023-05-09 01:14:57,101.065,101.088
2975,2023-05-09 01:15:00,101.0655,101.0885
2977,2023-05-09 01:15:02,101.064,101.087
2978,2023-05-09 01:15:04,101.067,101.09
2979,2023-05-09 01:15:13,101.071,101.094
2980,2023-05-09 01:15:14,101.0675,101.09049999999999
2982,2023-05-09 01:15:15,101.066,101.089
2985,2023-05-09 01:15:17,101.07,101.09299999999999
2987,2023-05-09 01:15:21,101.071,101.094
2988,2023-05-09 01:15:22,101.073,101.096
2989,2023-05-09 01:15:23,101.072,101.095
2990,2023-05-09 01:15:25,101.073,101.096
2991,2023-05-09 01:15:27,101.072,101.095
2992,2023-05-09 01:15:28,101.073,101.096
2993,2023-05-09 01:15:30,101.07650000000001,101.0995
2995,2023-05-09 01:15:31,101.079,101.102
2996,2023-05-09 01:15:33,101.07849999999999,101.1015
2998,2023-05-09 01:15:36,101.08,101.103
2999,2023-05-09 01:15:37,101.081,101.104
3000,2023-05-09 01:15:43,101.082,101.105
3001,2023-05-09 01:15:45,101.083,101.106
3002,2023-05-09 01:15:47,101.08,101.103
3005,2023-05-09 01:15:48,101.082,101.10499999999999
3007,2023-05-09 01:15:50,101.0835,101.1065
3009,2023-05-09 01:15:51,101.07900000000001,101.102
3013,2023-05-09 01:15:52,101.076,101.09899999999999
3015,2023-05-09 01:15:53,101.078,101.101
3016,2023-05-09 01:15:54,101.077,101.1
3017,2023-05-09 01:15:55,101.078,101.101
3018,2023-05-09 01:15:56,101.083,101.106
3019,2023-05-09 01:15:57,101.084,101.107
3020,2023-05-09 01:16:00,101.083,101.106
3021,2023-05-09 01:16:01,101.0825,101.1055
3023,2023-05-09 01:16:03,101.08,101.103
3024,2023-05-09 01:16:04,101.0805,101.1035
3026,2023-05-09 01:16:05,101.081,101.104
3027,2023-05-09 01:16:06,101.083,101.106
3028,2023-05-09 01:16:08,101.086,101.109
3029,2023-05-09 01:16:09,101.087,101.11
3030,2023-05-09 01:16:11,101.088,101.111
3031,2023-05-09 01:16:17,101.087,101.11
3032,2023-05-09 01:16:18,101.0875,101.1105
3034,2023-05-09 01:16:20,101.089,101.112
3035,2023-05-09 01:16:21,101.092,101.115
3036,2023-05-09 01:16:22,101.091,101.114
3037,2023-05-09 01:16:23,101.092,101.115
3038,2023-05-09 01:16:26,101.09049999999999,101.1135
3040,2023-05-09 01:16:27,101.092,101.115
3041,2023-05-09 01:16:29,101.091,101.114
3042,2023-05-09 01:16:32,101.092,101.115
3043,2023-05-09 01:16:36,101.093,101.116
3044,2023-05-09 01:16:37,101.0925,101.1155
3046,2023-05-09 01:16:39,101.0925,101.1155
3048,2023-05-09 01:16:40,101.0925,101.1155
3050,2023-05-09 01:16:41,101.092,101.115
3051,2023-05-09 01:16:44,101.093,101.116
3052,2023-05-09 01:16:47,101.0915,101.11449999999999
3054,2023-05-09 01:16:51,101.0885,101.1115
3056,2023-05-09 01:16:53,101.088,101.111
3057,2023-05-09 01:16:54,101.089,101.112
3058,2023-05-09 01:16:55,101.088,101.111
3059,2023-05-09 01:16:59,101.085,101.108
3060,2023-05-09 01:17:00,101.085,101.108
3061,2023-05-09 01:17:01,101.087,101.11
3062,2023-05-09 01:17:02,101.0885,101.1115
3064,2023-05-09 01:17:14,101.098,101.121
3067,2023-05-09 01:17:17,101.098,101.121
3068,2023-05-09 01:17:18,101.099,101.122
3069,2023-05-09 01:17:31,101.098,101.121
3072,2023-05-09 01:17:32,101.099,101.122
3073,2023-05-09 01:17:36,101.097,101.12
3074,2023-05-09 01:17:38,101.098,101.121
3075,2023-05-09 01:17:42,101.095,101.118
3077,2023-05-09 01:17:47,101.094,101.117
3078,2023-05-09 01:17:48,101.095,101.118
3079,2023-05-09 01:17:53,101.094,101.117
3080,2023-05-09 01:18:00,101.09299999999999,101.116
3082,2023-05-09 01:18:06,101.091,101.114
3083,2023-05-09 01:18:07,101.092,101.115
3084,2023-05-09 01:18:09,101.091,101.114
3087,2023-05-09 01:18:11,101.092,101.115
3088,2023-05-09 01:18:12,101.089,101.112
3089,2023-05-09 01:18:16,101.091,101.114
3090,2023-05-09 01:18:39,101.089,101.112
3091,2023-05-09 01:18:40,101.087,101.11
3092,2023-05-09 01:18:49,101.0885,101.1115
3094,2023-05-09 01:18:55,101.09,101.113
3095,2023-05-09 01:18:57,101.08949999999999,101.11250000000001
3097,2023-05-09 01:18:59,101.0925,101.1155
3099,2023-05-09 01:19:00,101.091,101.114
3102,2023-05-09 01:19:03,101.09049999999999,101.1135
3104,2023-05-09 01:19:08,101.088,101.111
3105,2023-05-09 01:19:09,101.086,101.10900000000001
3107,2023-05-09 01:19:10,101.09049999999999,101.1135
3109,2023-05-09 01:19:11,101.09,101.113
3110,2023-05-09 01:19:14,101.0915,101.11449999999999
3112,2023-05-09 01:19:18,101.0985,101.1215
3114,2023-05-09 01:19:19,101.1095,101.1325
3116,2023-05-09 01:19:20,101.107,101.13
3117,2023-05-09 01:19:21,101.103,101.126
3118,2023-05-09 01:19:22,101.105,101.128
3119,2023-05-09 01:19:24,101.1035,101.1265
3121,2023-05-09 01:19:30,101.106,101.129
3122,2023-05-09 01:19:31,101.111,101.134
3123,2023-05-09 01:19:33,101.11,101.133
3124,2023-05-09 01:19:34,101.111,101.134
3125,2023-05-09 01:19:36,101.11,101.133
3126,2023-05-09 01:19:38,101.111,101.134
3127,2023-05-09 01:19:40,101.109,101.132
3128,2023-05-09 01:19:41,101.11,101.133
3129,2023-05-09 01:19:43,101.1055,101.1285
3131,2023-05-09 01:19:45,101.108,101.131
3132,2023-05-09 01:19:46,101.1075,101.1305
3134,2023-05-09 01:19:47,101.109,101.132
3135,2023-05-09 01:19:48,101.109,101.132
3138,2023-05-09 01:19:49,101.0925,101.1155
3140,2023-05-09 01:19:51,101.092,101.115
3141,2023-05-09 01:19:54,101.091,101.114
3142,2023-05-09 01:19:56,101.092,101.115
3143,2023-05-09 01:19:57,101.0875,101.1105
3145,2023-05-09 01:19:58,101.085,101.108
3146,2023-05-09 01:19:59,101.0855,101.10849999999999
3148,2023-05-09 01:20:00,101.084,101.107
3150,2023-05-09 01:20:02,101.084,101.107
3151,2023-05-09 01:20:03,101.08,101.10300000000001
3153,2023-05-09 01:20:04,101.0815,101.1045
3155,2023-05-09 01:20:05,101.082,101.105
3156,2023-05-09 01:20:06,101.08,101.103
3157,2023-05-09 01:20:08,101.083,101.106
3158,2023-05-09 01:20:11,101.0835,101.1065
3160,2023-05-09 01:20:12,101.076,101.099
3161,2023-05-09 01:20:13,101.077,101.1
3162,2023-05-09 01:20:14,101.078,101.101
3163,2023-05-09 01:20:15,101.0775,101.1005
3165,2023-05-09 01:20:17,101.082,101.105
3167,2023-05-09 01:20:20,101.081,101.104
3170,2023-05-09 01:20:21,101.08,101.103
3171,2023-05-09 01:20:23,101.079,101.102
3172,2023-05-09 01:20:25,101.078,101.101
3173,2023-05-09 01:20:26,101.077,101.1
3174,2023-05-09 01:20:27,101.075,101.098
3175,2023-05-09 01:20:28,101.074,101.097
3176,2023-05-09 01:20:29,101.073,101.096
3177,2023-05-09 01:20:30,101.074,101.097
3178,2023-05-09 01:20:33,101.073,101.096
3179,2023-05-09 01:20:34,101.072,101.095
3180,2023-05-09 01:20:35,101.071,101.094
3181,2023-05-09 01:20:41,101.067,101.09
3182,2023-05-09 01:20:42,101.066,101.089
3183,2023-05-09 01:20:43,101.067,101.09
3184,2023-05-09 01:20:44,101.068,101.091
3185,2023-05-09 01:20:46,101.071,101.094
3186,2023-05-09 01:20:49,101.07,101.093
3187,2023-05-09 01:20:50,101.0675,101.09049999999999
3189,2023-05-09 01:20:51,101.066,101.089
3190,2023-05-09 01:20:52,101.067,101.09
3191,2023-05-09 01:20:57,101.068,101.091
3192,2023-05-09 01:20:59,101.067,101.09
3193,2023-05-09 01:21:00,101.068,101.091
3194,2023-05-09 01:21:04,101.069,101.092
3197,2023-05-09 01:21:05,101.068,101.091
3198,2023-05-09 01:21:08,101.069,101.092
3199,2023-05-09 01:21:10,101.067,101.09
3202,2023-05-09 01:21:17,101.065,101.088
3203,2023-05-09 01:21:18,101.064,101.087
3204,2023-05-09 01:21:19,101.065,101.088
3205,2023-05-09 01:21:21,101.064,101.087
3208,2023-05-09 01:21:22,101.063,101.086
3209,2023-05-09 01:21:23,101.0635,101.0865
3211,2023-05-09 01:21:24,101.0625,101.0855
3213,2023-05-09 01:21:25,101.062,101.085
3214,2023-05-09 01:21:26,101.061,101.084
3215,2023-05-09 01:21:27,101.062,101.085
3216,2023-05-09 01:21:38,101.063,101.086
3217,2023-05-09 01:21:39,101.0645,101.0875
3219,2023-05-09 01:21:43,101.064,101.087
3222,2023-05-09 01:21:44,101.065,101.088
3223,2023-05-09 01:21:45,101.0655,101.0885
3225,2023-05-09 01:21:46,101.0645,101.0875
3227,2023-05-09 01:21:47,101.064,101.087
3228,2023-05-09 01:21:49,101.065,101.088
3229,2023-05-09 01:21:50,101.064,101.087
3230,2023-05-09 01:21:51,101.06649999999999,101.0895
3232,2023-05-09 01:21:52,101.0675,101.09049999999999
3234,2023-05-09 01:21:53,101.0695,101.0925
3236,2023-05-09 01:21:58,101.071,101.094
3237,2023-05-09 01:21:59,101.07,101.093
3238,2023-05-09 01:22:00,101.07,101.093
3239,2023-05-09 01:22:04,101.0715,101.0945
3241,2023-05-09 01:22:05,101.064,101.087
3242,2023-05-09 01:22:10,101.063,101.086
3243,2023-05-09 01:22:11,101.067,101.09
3244,2023-05-09 01:22:12,101.068,101.091
3245,2023-05-09 01:22:13,101.067,101.09
3246,2023-05-09 01:22:15,101.068,101.091
3247,2023-05-09 01:22:16,101.064,101.087
3248,2023-05-09 01:22:21,101.065,101.088
3249,2023-05-09 01:22:29,101.0645,101.0875
3251,2023-05-09 01:22:30,101.064,101.087
3252,2023-05-09 01:22:31,101.063,101.086
3253,2023-05-09 01:22:36,101.0635,101.0865
3255,2023-05-09 01:22:37,101.064,101.087
3256,2023-05-09 01:22:44,101.063,101.086
3257,2023-05-09 01:22:48,101.057,101.08
3258,2023-05-09 01:22:53,101.058,101.081
3259,2023-05-09 01:22:54,101.0575,101.0805
3261,2023-05-09 01:22:55,101.056,101.079
3262,2023-05-09 01:22:56,101.057,101.08
3263,2023-05-09 01:22:57,101.056,101.079
3264,2023-05-09 01:22:58,101.0535,101.0765
3266,2023-05-09 01:23:00,101.053,101.076
3267,2023-05-09 01:23:01,101.052,101.075
3268,2023-05-09 01:23:02,101.048,101.071
3269,2023-05-09 01:23:04,101.049,101.072
3270,2023-05-09 01:23:05,101.0545,101.0775
3272,2023-05-09 01:23:06,101.05799999999999,101.08099999999999
3274,2023-05-09 01:23:07,101.06,101.083
3277,2023-05-09 01:23:08,101.0595,101.0825
3279,2023-05-09 01:23:10,101.061,101.084
3280,2023-05-09 01:23:11,101.06,101.083
3281,2023-05-09 01:23:12,101.068,101.091
3284,2023-05-09 01:23:13,101.0675,101.09049999999999
3286,2023-05-09 01:23:14,101.068,101.091
3287,2023-05-09 01:23:15,101.067,101.09
3288,2023-05-09 01:23:16,101.067,101.09
3291,2023-05-09 01:23:17,101.071,101.094
3292,2023-05-09 01:23:19,101.0685,101.0915
3294,2023-05-09 01:23:20,101.066,101.089
3297,2023-05-09 01:23:21,101.06649999999999,101.08949999999999
3299,2023-05-09 01:23:22,101.069,101.092
3302,2023-05-09 01:23:24,101.072,101.095
3303,2023-05-09 01:23:26,101.0735,101.09649999999999
3305,2023-05-09 01:23:27,101.075,101.098
3306,2023-05-09 01:23:28,101.0755,101.0985
3308,2023-05-09 01:23:29,101.0765,101.0995
3310,2023-05-09 01:23:33,101.0755,101.0985
3312,2023-05-09 01:23:36,101.073,101.096
3313,2023-05-09 01:23:37,101.072,101.095
3314,2023-05-09 01:23:38,101.073,101.096
3315,2023-05-09 01:23:41,101.0735,101.09649999999999
3317,2023-05-09 01:23:44,101.074,101.097
3318,2023-05-09 01:23:45,101.0735,101.09649999999999
3320,2023-05-09 01:23:46,101.0735,101.09649999999999
3322,2023-05-09 01:23:48,101.073,101.096
3323,2023-05-09 01:23:50,101.0715,101.0945
3327,2023-05-09 01:23:51,101.071,101.094
3328,2023-05-09 01:23:55,101.071,101.094
3331,2023-05-09 01:23:56,101.073,101.096
3332,2023-05-09 01:23:57,101.072,101.095
3333,2023-05-09 01:24:00,101.072,101.095
3334,2023-05-09 01:24:01,101.069,101.092
3335,2023-05-09 01:24:03,101.0695,101.0925
3337,2023-05-09 01:24:04,101.0695,101.0925
3339,2023-05-09 01:24:05,101.0695,101.0925
3341,2023-05-09 01:24:06,101.071,101.094
3342,2023-05-09 01:24:07,101.0705,101.0935
3344,2023-05-09 01:24:08,101.072,101.095
3347,2023-05-09 01:24:09,101.0715,101.0945
3349,2023-05-09 01:24:11,101.075,101.098
3352,2023-05-09 01:24:12,101.07249999999999,101.09549999999999
3354,2023-05-09 01:24:13,101.069,101.092
3357,2023-05-09 01:24:14,101.07,101.093
3360,2023-05-09 01:24:15,101.069,101.092
3363,2023-05-09 01:24:16,101.07,101.093
3364,2023-05-09 01:24:23,101.071,101.094
3365,2023-05-09 01:24:29,101.07,101.093
3366,2023-05-09 01:24:30,101.071,101.094
3369,2023-05-09 01:24:36,101.0715,101.0945
3371,2023-05-09 01:24:37,101.0705,101.0935
3373,2023-05-09 01:24:38,101.072,101.095
3376,2023-05-09 01:24:39,101.071,101.094
3377,2023-05-09 01:24:41,101.072,101.095
3378,2023-05-09 01:24:42,101.071,101.094
3379,2023-05-09 01:24:43,101.072,101.095
3380,2023-05-09 01:24:45,101.069,101.092
3381,2023-05-09 01:24:46,101.068,101.091
3382,2023-05-09 01:24:48,101.07300000000001,101.096
3384,2023-05-09 01:24:49,101.071,101.094
3387,2023-05-09 01:24:52,101.073,101.096
3388,2023-05-09 01:24:53,101.07249999999999,101.0955
3390,2023-05-09 01:24:54,101.074,101.097
3391,2023-05-09 01:24:56,101.0735,101.09649999999999
3393,2023-05-09 01:24:57,101.0735,101.09649999999999
3397,2023-05-09 01:24:58,101.076,101.099
3399,2023-05-09 01:25:00,101.08,101.103
3402,2023-05-09 01:25:01,101.0825,101.1055
3406,2023-05-09 01:25:02,101.081,101.104
3407,2023-05-09 01:25:07,101.08,101.103
3408,2023-05-09 01:25:08,101.074,101.097
3409,2023-05-09 01:25:09,101.068,101.091
3412,2023-05-09 01:25:10,101.069,101.092
3413,2023-05-09 01:25:13,101.07,101.093
3416,2023-05-09 01:25:14,101.071,101.094
3417,2023-05-09 01:25:15,101.0645,101.0875
3419,2023-05-09 01:25:16,101.0565,101.0795
3421,2023-05-09 01:25:17,101.0565,101.0795
3423,2023-05-09 01:25:18,101.056,101.079
3424,2023-05-09 01:25:21,101.06,101.083
3425,2023-05-09 01:25:25,101.061,101.084
3426,2023-05-09 01:25:27,101.06,101.083
3427,2023-05-09 01:25:28,101.061,101.084
3428,2023-05-09 01:25:29,101.0605,101.0835
3430,2023-05-09 01:25:32,101.0645,101.0875
3432,2023-05-09 01:25:33,101.064,101.087
3433,2023-05-09 01:25:35,101.064,101.087
3436,2023-05-09 01:25:37,101.064,101.087
3439,2023-05-09 01:25:38,101.0645,101.0875
3441,2023-05-09 01:25:39,101.064,101.087
3442,2023-05-09 01:25:41,101.066,101.089
3443,2023-05-09 01:25:42,101.06649999999999,101.0895
3445,2023-05-09 01:25:43,101.067,101.09
3446,2023-05-09 01:25:45,101.0675,101.09049999999999
3448,2023-05-09 01:25:46,101.068,101.091
3449,2023-05-09 01:25:50,101.067,101.09
3450,2023-05-09 01:25:51,101.066,101.089
3451,2023-05-09 01:25:52,101.068,101.091
3452,2023-05-09 01:25:56,101.0675,101.09049999999999
3454,2023-05-09 01:25:57,101.0675,101.09049999999999
3456,2023-05-09 01:25:58,101.0735,101.09649999999999
3458,2023-05-09 01:26:00,101.076,101.099
3459,2023-05-09 01:26:01,101.07,101.093
3462,2023-05-09 01:26:02,101.06700000000001,101.09
3464,2023-05-09 01:26:03,101.0675,101.09049999999999
