,time,bid,ask
0,2023-05-09 00:00:00,0.8717900000000001,0.8719399999999999
2,2023-05-09 00:00:01,0.8718049999999999,0.871955
4,2023-05-09 00:00:06,0.8718,0.87195
5,2023-05-09 00:00:07,0.87179,0.87194
6,2023-05-09 00:00:08,0.87181,0.87196
7,2023-05-09 00:00:09,0.8718,0.87195
8,2023-05-09 00:00:11,0.87179,0.87194
11,2023-05-09 00:00:15,0.8718,0.87195
12,2023-05-09 00:00:16,0.871795,0.871945
14,2023-05-09 00:00:17,0.87179,0.87194
15,2023-05-09 00:00:25,0.8718,0.87195
16,2023-05-09 00:00:26,0.8718049999999999,0.871955
18,2023-05-09 00:00:31,0.8718049999999999,0.871955
20,2023-05-09 00:00:32,0.87181,0.87196
21,2023-05-09 00:00:34,0.8718,0.87195
22,2023-05-09 00:00:37,0.87181,0.87196
23,2023-05-09 00:00:38,0.8718,0.87195
24,2023-05-09 00:00:42,0.871785,0.871935
26,2023-05-09 00:00:43,0.871765,0.871915
28,2023-05-09 00:00:44,0.87178,0.87193
29,2023-05-09 00:01:00,0.87178,0.87193
30,2023-05-09 00:01:03,0.87177,0.87192
31,2023-05-09 00:01:06,0.87179,0.87194
32,2023-05-09 00:01:08,0.871785,0.871935
34,2023-05-09 00:01:47,0.87178,0.87193
35,2023-05-09 00:01:48,0.87177,0.87192
38,2023-05-09 00:01:49,0.87179,0.87194
39,2023-05-09 00:01:50,0.87178,0.87193
40,2023-05-09 00:01:51,0.87179,0.87194
41,2023-05-09 00:01:53,0.871785,0.871935
43,2023-05-09 00:01:54,0.871785,0.871935
45,2023-05-09 00:01:59,0.87177,0.87192
46,2023-05-09 00:02:00,0.87177,0.87192
47,2023-05-09 00:02:11,0.871765,0.871915
49,2023-05-09 00:02:15,0.871775,0.8719250000000001
51,2023-05-09 00:02:33,0.87176,0.87191
52,2023-05-09 00:02:37,0.87177,0.87192
53,2023-05-09 00:02:39,0.87176,0.87191
54,2023-05-09 00:02:40,0.87177,0.87192
55,2023-05-09 00:02:41,0.87176,0.87191
56,2023-05-09 00:02:43,0.87177,0.87192
57,2023-05-09 00:02:45,0.87176,0.87191
58,2023-05-09 00:02:46,0.8717550000000001,0.8719049999999999
60,2023-05-09 00:02:47,0.87174,0.87189
61,2023-05-09 00:02:48,0.87175,0.8719
64,2023-05-09 00:02:50,0.87176,0.87191
65,2023-05-09 00:02:51,0.87175,0.8719
66,2023-05-09 00:02:52,0.87175,0.8719
69,2023-05-09 00:02:53,0.871745,0.8718950000000001
73,2023-05-09 00:02:54,0.87172,0.87187
77,2023-05-09 00:02:55,0.8717250000000001,0.871875
79,2023-05-09 00:02:56,0.87173,0.87188
80,2023-05-09 00:02:58,0.87172,0.87187
81,2023-05-09 00:03:00,0.87172,0.87187
82,2023-05-09 00:03:08,0.87174,0.87189
83,2023-05-09 00:03:12,0.87172,0.87187
84,2023-05-09 00:03:14,0.8717349999999999,0.871885
86,2023-05-09 00:03:16,0.87172,0.87187
89,2023-05-09 00:03:17,0.87174,0.87189
90,2023-05-09 00:03:22,0.87175,0.8719
91,2023-05-09 00:03:23,0.87175,0.8719
93,2023-05-09 00:03:30,0.87173,0.87188
96,2023-05-09 00:03:32,0.87172,0.87187
97,2023-05-09 00:03:33,0.87173,0.87188
98,2023-05-09 00:03:35,0.87173,0.87188
101,2023-05-09 00:03:38,0.87172,0.87187
102,2023-05-09 00:03:40,0.87173,0.87188
103,2023-05-09 00:03:44,0.87171,0.87186
104,2023-05-09 00:03:46,0.87172,0.87187
105,2023-05-09 00:03:50,0.871715,0.871865
107,2023-05-09 00:03:53,0.87171,0.87186
108,2023-05-09 00:03:55,0.87172,0.87187
109,2023-05-09 00:03:58,0.87171,0.87186
110,2023-05-09 00:04:00,0.87171,0.87186
111,2023-05-09 00:04:04,0.871715,0.871865
115,2023-05-09 00:04:21,0.87169,0.87184
116,2023-05-09 00:04:25,0.8717,0.87185
117,2023-05-09 00:04:27,0.87169,0.87184
118,2023-05-09 00:04:30,0.87168,0.87183
119,2023-05-09 00:04:31,0.87169,0.87184
120,2023-05-09 00:04:40,0.87168,0.87183
121,2023-05-09 00:04:44,0.87169,0.87184
122,2023-05-09 00:04:51,0.87168,0.87183
123,2023-05-09 00:04:53,0.87167,0.87182
124,2023-05-09 00:05:00,0.87167,0.87182
125,2023-05-09 00:05:18,0.87168,0.87183
126,2023-05-09 00:05:21,0.87168,0.87183
128,2023-05-09 00:05:23,0.87168,0.87183
129,2023-05-09 00:05:25,0.871685,0.8718349999999999
131,2023-05-09 00:05:26,0.87167,0.87182
132,2023-05-09 00:05:27,0.87168,0.87183
133,2023-05-09 00:05:28,0.87167,0.87182
134,2023-05-09 00:05:33,0.8716550000000001,0.8718049999999999
136,2023-05-09 00:05:34,0.8716550000000001,0.8718049999999999
138,2023-05-09 00:05:36,0.87165,0.8718
139,2023-05-09 00:05:38,0.87162,0.87177
140,2023-05-09 00:05:43,0.8716349999999999,0.871785
142,2023-05-09 00:05:44,0.87163,0.87178
143,2023-05-09 00:05:45,0.87162,0.87177
144,2023-05-09 00:05:47,0.87162,0.87177
147,2023-05-09 00:05:48,0.87162,0.87177
148,2023-05-09 00:05:50,0.87163,0.87178
149,2023-05-09 00:05:51,0.871605,0.8717550000000001
151,2023-05-09 00:06:00,0.8716,0.87175
152,2023-05-09 00:06:10,0.87161,0.87176
153,2023-05-09 00:06:12,0.87162,0.87177
154,2023-05-09 00:06:21,0.8716,0.87175
155,2023-05-09 00:06:22,0.87162,0.87177
156,2023-05-09 00:06:28,0.87161,0.87176
157,2023-05-09 00:06:29,0.871615,0.871765
159,2023-05-09 00:06:51,0.871595,0.871745
161,2023-05-09 00:06:52,0.87158,0.87173
162,2023-05-09 00:06:56,0.87159,0.87174
163,2023-05-09 00:06:57,0.871575,0.8717250000000001
165,2023-05-09 00:07:02,0.87156,0.87171
166,2023-05-09 00:07:04,0.87157,0.87172
167,2023-05-09 00:07:06,0.87156,0.87171
168,2023-05-09 00:07:08,0.87157,0.87172
169,2023-05-09 00:07:15,0.87156,0.87171
170,2023-05-09 00:07:16,0.8715649999999999,0.871715
172,2023-05-09 00:07:18,0.87157,0.87172
173,2023-05-09 00:07:23,0.87158,0.87173
174,2023-05-09 00:07:24,0.87157,0.87172
175,2023-05-09 00:07:32,0.87156,0.87171
178,2023-05-09 00:07:33,0.87157,0.87172
179,2023-05-09 00:07:37,0.87156,0.87171
180,2023-05-09 00:07:40,0.87157,0.87172
181,2023-05-09 00:07:41,0.87156,0.87171
182,2023-05-09 00:07:42,0.871545,0.871695
184,2023-05-09 00:07:47,0.87156,0.87171
185,2023-05-09 00:07:55,0.87157,0.87172
186,2023-05-09 00:08:00,0.87157,0.87172
187,2023-05-09 00:08:01,0.87158,0.87173
188,2023-05-09 00:08:03,0.8715649999999999,0.871715
190,2023-05-09 00:08:04,0.87157,0.87172
191,2023-05-09 00:08:06,0.87156,0.87171
192,2023-05-09 00:08:11,0.87157,0.87172
193,2023-05-09 00:08:13,0.871575,0.8717250000000001
195,2023-05-09 00:08:15,0.87158,0.87173
196,2023-05-09 00:08:18,0.87157,0.87172
197,2023-05-09 00:08:22,0.871585,0.8717349999999999
199,2023-05-09 00:08:32,0.87159,0.87174
200,2023-05-09 00:08:33,0.87161,0.87176
201,2023-05-09 00:08:34,0.8716299999999999,0.87178
203,2023-05-09 00:08:43,0.8716349999999999,0.871785
205,2023-05-09 00:08:44,0.87163,0.87178
206,2023-05-09 00:08:47,0.87164,0.87179
207,2023-05-09 00:08:54,0.87162,0.87177
208,2023-05-09 00:09:00,0.87164,0.87179
209,2023-05-09 00:09:02,0.871615,0.871765
211,2023-05-09 00:09:04,0.8716,0.87175
214,2023-05-09 00:09:05,0.871585,0.8717349999999999
216,2023-05-09 00:09:07,0.87159,0.87174
217,2023-05-09 00:09:09,0.871605,0.8717550000000001
219,2023-05-09 00:09:10,0.871625,0.871775
223,2023-05-09 00:09:11,0.87166,0.87181
224,2023-05-09 00:09:12,0.87165,0.8718
225,2023-05-09 00:09:13,0.87164,0.87179
226,2023-05-09 00:09:14,0.87163,0.87178
227,2023-05-09 00:09:21,0.8715999999999999,0.87175
229,2023-05-09 00:09:22,0.8716,0.87175
230,2023-05-09 00:09:24,0.87159,0.87174
231,2023-05-09 00:09:25,0.8716,0.87175
232,2023-05-09 00:09:26,0.87161,0.87176
233,2023-05-09 00:09:33,0.8715900000000001,0.87174
235,2023-05-09 00:09:34,0.87157,0.87172
236,2023-05-09 00:09:42,0.87156,0.87171
237,2023-05-09 00:09:44,0.87157,0.87172
238,2023-05-09 00:09:45,0.87156,0.87171
239,2023-05-09 00:09:46,0.87157,0.87172
240,2023-05-09 00:09:57,0.87156,0.87171
241,2023-05-09 00:09:58,0.87156,0.87171
244,2023-05-09 00:09:59,0.87158,0.87173
245,2023-05-09 00:10:00,0.87157,0.87172
248,2023-05-09 00:10:12,0.87157,0.87172
249,2023-05-09 00:10:15,0.87156,0.87171
250,2023-05-09 00:10:22,0.8715550000000001,0.871705
252,2023-05-09 00:10:25,0.87155,0.8717
253,2023-05-09 00:10:26,0.87157,0.87172
254,2023-05-09 00:10:32,0.87155,0.8717
257,2023-05-09 00:10:33,0.87155,0.8717
258,2023-05-09 00:10:35,0.87156,0.87171
259,2023-05-09 00:10:46,0.87157,0.87172
260,2023-05-09 00:10:48,0.87157,0.87172
262,2023-05-09 00:10:50,0.87155,0.8717
263,2023-05-09 00:10:53,0.87156,0.87171
264,2023-05-09 00:10:55,0.87158,0.87173
265,2023-05-09 00:10:58,0.87157,0.87172
266,2023-05-09 00:11:00,0.87157,0.87172
267,2023-05-09 00:11:03,0.871575,0.871725
269,2023-05-09 00:11:04,0.87157,0.87172
270,2023-05-09 00:11:05,0.87158,0.87173
271,2023-05-09 00:11:16,0.87158,0.87173
274,2023-05-09 00:11:21,0.87156,0.87171
275,2023-05-09 00:11:22,0.871575,0.8717250000000001
277,2023-05-09 00:11:26,0.87156,0.87171
278,2023-05-09 00:11:31,0.87157,0.87172
279,2023-05-09 00:11:33,0.87156,0.87171
280,2023-05-09 00:11:37,0.87155,0.8717
281,2023-05-09 00:11:39,0.87157,0.87172
282,2023-05-09 00:11:40,0.8715550000000001,0.871705
284,2023-05-09 00:11:44,0.8715550000000001,0.871705
286,2023-05-09 00:11:46,0.87156,0.87171
287,2023-05-09 00:11:47,0.87155,0.8717
288,2023-05-09 00:11:52,0.871545,0.871695
290,2023-05-09 00:11:58,0.87156,0.87171
291,2023-05-09 00:11:59,0.87156,0.87171
294,2023-05-09 00:12:00,0.8715550000000001,0.871705
296,2023-05-09 00:12:04,0.87155,0.8717
297,2023-05-09 00:12:06,0.87156,0.87171
298,2023-05-09 00:12:17,0.87155,0.8717
299,2023-05-09 00:12:18,0.87156,0.87171
300,2023-05-09 00:12:20,0.87157,0.87172
303,2023-05-09 00:12:25,0.87157,0.87172
304,2023-05-09 00:12:26,0.87156,0.87171
305,2023-05-09 00:12:32,0.87157,0.87172
306,2023-05-09 00:12:34,0.8715649999999999,0.871715
308,2023-05-09 00:12:36,0.87156,0.87171
309,2023-05-09 00:12:40,0.871585,0.8717349999999999
311,2023-05-09 00:12:41,0.87158,0.87173
312,2023-05-09 00:12:52,0.87157,0.87172
313,2023-05-09 00:12:53,0.87158,0.87173
314,2023-05-09 00:12:58,0.87159,0.87174
315,2023-05-09 00:12:59,0.87158,0.87173
316,2023-05-09 00:13:00,0.87158,0.87173
317,2023-05-09 00:13:03,0.871575,0.8717250000000001
319,2023-05-09 00:13:06,0.87159,0.87174
320,2023-05-09 00:13:08,0.87158,0.87173
321,2023-05-09 00:13:09,0.87157,0.87172
322,2023-05-09 00:13:10,0.87156,0.87171
323,2023-05-09 00:13:11,0.8715550000000001,0.871705
325,2023-05-09 00:13:12,0.87155,0.8717
326,2023-05-09 00:13:18,0.87155,0.8717
329,2023-05-09 00:13:20,0.87156,0.87171
330,2023-05-09 00:13:23,0.87157,0.87172
331,2023-05-09 00:13:24,0.8715550000000001,0.871705
333,2023-05-09 00:13:26,0.87155,0.8717
334,2023-05-09 00:13:31,0.87156,0.87171
335,2023-05-09 00:13:33,0.87154,0.87169
336,2023-05-09 00:13:44,0.871535,0.871685
338,2023-05-09 00:13:45,0.87155,0.8716999999999999
340,2023-05-09 00:13:47,0.87155,0.8716999999999999
342,2023-05-09 00:13:48,0.87155,0.8717
346,2023-05-09 00:13:49,0.871545,0.871695
348,2023-05-09 00:13:53,0.8715550000000001,0.871705
350,2023-05-09 00:13:54,0.87156,0.87171
351,2023-05-09 00:14:00,0.87156,0.87171
352,2023-05-09 00:14:01,0.87155,0.8717
353,2023-05-09 00:14:02,0.87156,0.87171
354,2023-05-09 00:14:05,0.87155,0.8717
355,2023-05-09 00:14:06,0.8715649999999999,0.871715
359,2023-05-09 00:14:08,0.87156,0.87171
362,2023-05-09 00:14:09,0.8715649999999999,0.871715
364,2023-05-09 00:14:10,0.8716,0.87175
369,2023-05-09 00:14:11,0.87161,0.87176
370,2023-05-09 00:14:13,0.871585,0.8717349999999999
372,2023-05-09 00:14:17,0.87157,0.87172
373,2023-05-09 00:14:19,0.8715550000000001,0.871705
375,2023-05-09 00:14:23,0.87156,0.87171
376,2023-05-09 00:14:24,0.87155,0.8717
377,2023-05-09 00:14:25,0.87156,0.87171
378,2023-05-09 00:14:27,0.87155,0.8717
379,2023-05-09 00:14:29,0.87156,0.87171
382,2023-05-09 00:14:32,0.871545,0.871695
384,2023-05-09 00:14:34,0.87155,0.8717
385,2023-05-09 00:14:35,0.8715550000000001,0.871705
387,2023-05-09 00:14:37,0.87156,0.87171
388,2023-05-09 00:14:39,0.87155,0.8717
389,2023-05-09 00:14:45,0.871535,0.871685
393,2023-05-09 00:14:47,0.871535,0.871685
395,2023-05-09 00:14:48,0.871545,0.871695
397,2023-05-09 00:14:49,0.87153,0.87168
398,2023-05-09 00:14:50,0.87154,0.87169
399,2023-05-09 00:14:54,0.871535,0.871685
403,2023-05-09 00:14:55,0.87155,0.8717
406,2023-05-09 00:14:57,0.87155,0.8717
409,2023-05-09 00:15:00,0.87153,0.87168
412,2023-05-09 00:15:01,0.87152,0.87167
415,2023-05-09 00:15:02,0.87152,0.87167
418,2023-05-09 00:15:03,0.87151,0.87166
419,2023-05-09 00:15:04,0.871515,0.8716649999999999
421,2023-05-09 00:15:07,0.87153,0.87168
422,2023-05-09 00:15:08,0.87151,0.87166
423,2023-05-09 00:15:09,0.87152,0.87167
424,2023-05-09 00:15:12,0.87153,0.87168
425,2023-05-09 00:15:17,0.87154,0.87169
426,2023-05-09 00:15:18,0.87153,0.87168
429,2023-05-09 00:15:20,0.87152,0.87167
430,2023-05-09 00:15:21,0.87153,0.87168
431,2023-05-09 00:15:25,0.87152,0.87167
432,2023-05-09 00:15:28,0.87153,0.87168
433,2023-05-09 00:15:29,0.871515,0.8716649999999999
435,2023-05-09 00:15:30,0.87152,0.87167
436,2023-05-09 00:15:32,0.87151,0.87166
437,2023-05-09 00:15:34,0.871525,0.871675
439,2023-05-09 00:15:39,0.87152,0.87167
440,2023-05-09 00:15:43,0.87151,0.87166
441,2023-05-09 00:15:44,0.87152,0.87167
442,2023-05-09 00:15:46,0.87151,0.87166
443,2023-05-09 00:15:49,0.8715,0.87165
444,2023-05-09 00:15:50,0.87151,0.87166
445,2023-05-09 00:15:51,0.8715,0.87165
446,2023-05-09 00:15:55,0.87151,0.87166
449,2023-05-09 00:15:56,0.87151,0.87166
454,2023-05-09 00:15:57,0.87151,0.87166
457,2023-05-09 00:15:59,0.87151,0.87166
458,2023-05-09 00:16:00,0.87151,0.87166
459,2023-05-09 00:16:01,0.87152,0.87167
460,2023-05-09 00:16:02,0.871505,0.8716550000000001
462,2023-05-09 00:16:03,0.871495,0.871645
464,2023-05-09 00:16:04,0.871495,0.871645
466,2023-05-09 00:16:05,0.871495,0.871645
468,2023-05-09 00:16:07,0.87149,0.87164
469,2023-05-09 00:16:12,0.8715,0.87165
470,2023-05-09 00:16:14,0.87149,0.87164
471,2023-05-09 00:16:16,0.87148,0.87163
472,2023-05-09 00:16:21,0.8714850000000001,0.8716349999999999
474,2023-05-09 00:16:28,0.871475,0.871625
476,2023-05-09 00:16:41,0.87147,0.87162
477,2023-05-09 00:16:43,0.87146,0.87161
478,2023-05-09 00:16:46,0.87145,0.8716
479,2023-05-09 00:16:47,0.87146,0.87161
480,2023-05-09 00:16:52,0.871455,0.871605
482,2023-05-09 00:16:53,0.87145,0.8716
483,2023-05-09 00:16:56,0.87146,0.87161
484,2023-05-09 00:16:57,0.87147,0.87162
485,2023-05-09 00:16:58,0.87145,0.8716
486,2023-05-09 00:17:00,0.87145,0.8716
487,2023-05-09 00:17:02,0.87146,0.87161
488,2023-05-09 00:17:03,0.87145,0.8716
489,2023-05-09 00:17:04,0.871455,0.871605
491,2023-05-09 00:17:09,0.87146,0.87161
492,2023-05-09 00:17:12,0.871445,0.871595
494,2023-05-09 00:17:26,0.871435,0.871585
496,2023-05-09 00:17:27,0.87144,0.87159
497,2023-05-09 00:17:28,0.87143,0.87158
498,2023-05-09 00:17:29,0.87144,0.87159
499,2023-05-09 00:17:31,0.871425,0.871575
501,2023-05-09 00:17:37,0.87141,0.87156
502,2023-05-09 00:17:43,0.871405,0.8715550000000001
504,2023-05-09 00:17:44,0.87142,0.87157
505,2023-05-09 00:17:46,0.871425,0.871575
507,2023-05-09 00:17:47,0.87143,0.87158
508,2023-05-09 00:17:53,0.871415,0.8715649999999999
512,2023-05-09 00:17:56,0.87141,0.87156
515,2023-05-09 00:17:58,0.87143,0.87158
516,2023-05-09 00:18:00,0.87142,0.87157
517,2023-05-09 00:18:02,0.87143,0.87158
518,2023-05-09 00:18:03,0.87144,0.87159
519,2023-05-09 00:18:04,0.871435,0.871585
521,2023-05-09 00:18:05,0.87143,0.87158
522,2023-05-09 00:18:07,0.87144,0.87159
523,2023-05-09 00:18:08,0.871405,0.8715550000000001
525,2023-05-09 00:18:10,0.87143,0.87158
526,2023-05-09 00:18:15,0.87142,0.87157
527,2023-05-09 00:18:18,0.87141,0.87156
528,2023-05-09 00:18:25,0.87142,0.87157
529,2023-05-09 00:18:28,0.87142,0.87157
532,2023-05-09 00:18:34,0.87143,0.87158
533,2023-05-09 00:18:36,0.87144,0.87159
534,2023-05-09 00:18:38,0.87142,0.87157
535,2023-05-09 00:18:57,0.87141,0.87156
536,2023-05-09 00:18:59,0.871415,0.8715649999999999
538,2023-05-09 00:19:01,0.871415,0.8715649999999999
540,2023-05-09 00:19:05,0.87141,0.87156
541,2023-05-09 00:19:18,0.871415,0.8715649999999999
543,2023-05-09 00:19:23,0.871405,0.8715550000000001
545,2023-05-09 00:19:26,0.8714,0.87155
546,2023-05-09 00:19:27,0.87141,0.87156
547,2023-05-09 00:19:28,0.871405,0.8715550000000001
549,2023-05-09 00:19:29,0.8714,0.87155
552,2023-05-09 00:19:30,0.871405,0.8715550000000001
554,2023-05-09 00:19:34,0.8714,0.87155
557,2023-05-09 00:19:44,0.8714,0.87155
558,2023-05-09 00:19:49,0.871425,0.871575
560,2023-05-09 00:19:58,0.87141,0.87156
561,2023-05-09 00:20:00,0.87141,0.87156
562,2023-05-09 00:20:04,0.8714500000000001,0.8715999999999999
564,2023-05-09 00:20:08,0.87147,0.8716200000000001
566,2023-05-09 00:20:15,0.87147,0.87162
569,2023-05-09 00:20:19,0.87147,0.87162
572,2023-05-09 00:20:21,0.87145,0.8716
573,2023-05-09 00:20:22,0.8714649999999999,0.871615
575,2023-05-09 00:20:25,0.87146,0.87161
578,2023-05-09 00:20:28,0.87147,0.87162
579,2023-05-09 00:20:29,0.8714599999999999,0.87161
581,2023-05-09 00:20:33,0.87145,0.8716
582,2023-05-09 00:20:43,0.87147,0.87162
583,2023-05-09 00:20:45,0.87146,0.87161
584,2023-05-09 00:20:48,0.87145,0.8716
585,2023-05-09 00:20:50,0.87144,0.87159
586,2023-05-09 00:20:53,0.87145,0.8716
587,2023-05-09 00:20:54,0.8714649999999999,0.871615
589,2023-05-09 00:20:55,0.87147,0.87162
590,2023-05-09 00:20:56,0.87146,0.87161
591,2023-05-09 00:20:57,0.87147,0.87162
592,2023-05-09 00:21:00,0.87147,0.87162
593,2023-05-09 00:21:07,0.87149,0.87164
594,2023-05-09 00:21:15,0.87149,0.87164
597,2023-05-09 00:21:16,0.8714649999999999,0.871615
599,2023-05-09 00:21:22,0.87148,0.87163
600,2023-05-09 00:21:26,0.87147,0.87162
601,2023-05-09 00:21:29,0.87148,0.87163
602,2023-05-09 00:21:36,0.87147,0.87162
605,2023-05-09 00:21:40,0.87145,0.8716
606,2023-05-09 00:21:42,0.87146,0.87161
607,2023-05-09 00:21:46,0.87146,0.87161
611,2023-05-09 00:21:56,0.87145,0.8716
612,2023-05-09 00:21:58,0.87146,0.87161
613,2023-05-09 00:21:59,0.87145,0.8716
614,2023-05-09 00:22:00,0.87145,0.8716
615,2023-05-09 00:22:02,0.87146,0.87161
619,2023-05-09 00:22:03,0.87144,0.87159
620,2023-05-09 00:22:06,0.871435,0.871585
622,2023-05-09 00:22:10,0.871445,0.871595
624,2023-05-09 00:22:20,0.87143,0.87158
625,2023-05-09 00:22:21,0.87142,0.87157
626,2023-05-09 00:22:25,0.87141,0.87156
627,2023-05-09 00:22:26,0.87142,0.87157
630,2023-05-09 00:22:31,0.87145,0.8716
631,2023-05-09 00:22:36,0.87144,0.87159
632,2023-05-09 00:22:37,0.87144,0.8715900000000001
634,2023-05-09 00:22:41,0.87144,0.87159
635,2023-05-09 00:22:46,0.8714,0.87155
636,2023-05-09 00:22:47,0.871395,0.871545
638,2023-05-09 00:22:49,0.87142,0.87157
639,2023-05-09 00:22:56,0.871425,0.871575
641,2023-05-09 00:22:57,0.8714,0.87155
642,2023-05-09 00:23:00,0.871405,0.8715550000000001
644,2023-05-09 00:23:07,0.87139,0.87154
645,2023-05-09 00:23:08,0.87138,0.87153
646,2023-05-09 00:23:11,0.87139,0.87154
647,2023-05-09 00:23:13,0.8714,0.87155
650,2023-05-09 00:23:14,0.87138,0.87153
651,2023-05-09 00:23:15,0.87139,0.87154
652,2023-05-09 00:23:26,0.87138,0.87153
653,2023-05-09 00:23:29,0.87139,0.87154
656,2023-05-09 00:23:30,0.871375,0.871525
658,2023-05-09 00:23:36,0.87137,0.87152
659,2023-05-09 00:23:37,0.8713949999999999,0.871545
661,2023-05-09 00:23:47,0.871405,0.8715550000000001
663,2023-05-09 00:23:50,0.87139,0.87154
664,2023-05-09 00:23:52,0.8714,0.87155
665,2023-05-09 00:23:55,0.871375,0.871525
667,2023-05-09 00:23:57,0.87138,0.87153
668,2023-05-09 00:24:00,0.87138,0.87153
669,2023-05-09 00:24:06,0.87139,0.87154
670,2023-05-09 00:24:07,0.87138,0.87153
671,2023-05-09 00:24:12,0.87139,0.87154
672,2023-05-09 00:24:17,0.87138,0.87153
673,2023-05-09 00:24:21,0.87139,0.87154
674,2023-05-09 00:24:22,0.87135,0.8715
675,2023-05-09 00:24:23,0.87133,0.87148
678,2023-05-09 00:24:24,0.87134,0.87149
679,2023-05-09 00:24:26,0.87133,0.87148
680,2023-05-09 00:24:28,0.87134,0.87149
681,2023-05-09 00:24:29,0.87135,0.8715
682,2023-05-09 00:24:31,0.87133,0.87148
687,2023-05-09 00:24:32,0.87133,0.87148
688,2023-05-09 00:24:34,0.87135,0.8715
689,2023-05-09 00:24:40,0.87134,0.87149
690,2023-05-09 00:24:41,0.87135,0.8715
691,2023-05-09 00:24:45,0.87133,0.87148
694,2023-05-09 00:24:46,0.87132,0.87147
695,2023-05-09 00:24:48,0.871325,0.871475
697,2023-05-09 00:24:50,0.87133,0.87148
698,2023-05-09 00:24:52,0.8713150000000001,0.8714649999999999
700,2023-05-09 00:25:00,0.87129,0.87144
701,2023-05-09 00:25:08,0.87128,0.87143
702,2023-05-09 00:25:09,0.87127,0.87142
703,2023-05-09 00:25:10,0.87128,0.87143
704,2023-05-09 00:25:11,0.87127,0.87142
705,2023-05-09 00:25:13,0.87128,0.87143
706,2023-05-09 00:25:14,0.87127,0.87142
707,2023-05-09 00:25:19,0.87128,0.87143
708,2023-05-09 00:25:28,0.87127,0.87142
709,2023-05-09 00:25:33,0.87128,0.87143
710,2023-05-09 00:25:44,0.871275,0.871425
712,2023-05-09 00:25:48,0.87129,0.87144
715,2023-05-09 00:25:51,0.87128,0.87143
716,2023-05-09 00:25:53,0.87131,0.87146
719,2023-05-09 00:26:00,0.8712949999999999,0.871445
721,2023-05-09 00:26:09,0.87131,0.87146
722,2023-05-09 00:26:10,0.87127,0.87142
723,2023-05-09 00:26:13,0.87126,0.87141
724,2023-05-09 00:26:14,0.8712500000000001,0.8714
726,2023-05-09 00:26:15,0.87127,0.87142
727,2023-05-09 00:26:20,0.87127,0.8714200000000001
729,2023-05-09 00:26:23,0.87125,0.8714
730,2023-05-09 00:26:25,0.87127,0.87142
733,2023-05-09 00:26:26,0.87129,0.87144
735,2023-05-09 00:26:37,0.8713,0.87145
736,2023-05-09 00:26:38,0.871295,0.871445
738,2023-05-09 00:26:40,0.871275,0.871425
740,2023-05-09 00:26:51,0.87126,0.87141
743,2023-05-09 00:26:56,0.87125,0.8714
744,2023-05-09 00:27:00,0.87125,0.8714
745,2023-05-09 00:27:01,0.871245,0.8713949999999999
747,2023-05-09 00:27:11,0.871265,0.871415
749,2023-05-09 00:27:22,0.87126,0.87141
754,2023-05-09 00:27:23,0.87127,0.87142
755,2023-05-09 00:27:27,0.87126,0.87141
756,2023-05-09 00:27:29,0.87127,0.87142
759,2023-05-09 00:27:33,0.87127,0.87142
760,2023-05-09 00:27:35,0.87126,0.87141
761,2023-05-09 00:27:38,0.87125,0.8714
762,2023-05-09 00:27:41,0.87124,0.87139
763,2023-05-09 00:27:42,0.871235,0.8713850000000001
767,2023-05-09 00:27:55,0.871245,0.8713949999999999
769,2023-05-09 00:27:56,0.87126,0.87141
770,2023-05-09 00:28:00,0.87126,0.87141
771,2023-05-09 00:28:02,0.87125,0.8714
772,2023-05-09 00:28:04,0.87126,0.87141
773,2023-05-09 00:28:14,0.87127,0.87142
774,2023-05-09 00:28:17,0.87126,0.87141
775,2023-05-09 00:28:30,0.87125,0.8714
776,2023-05-09 00:28:43,0.87126,0.87141
777,2023-05-09 00:29:00,0.871265,0.871415
779,2023-05-09 00:29:02,0.87128,0.87143
780,2023-05-09 00:29:03,0.87127,0.87142
781,2023-05-09 00:29:04,0.87128,0.87143
782,2023-05-09 00:29:18,0.87128,0.87143
785,2023-05-09 00:29:25,0.8712850000000001,0.871435
787,2023-05-09 00:29:37,0.8713,0.87145
788,2023-05-09 00:29:43,0.8712850000000001,0.871435
790,2023-05-09 00:29:47,0.87129,0.87144
791,2023-05-09 00:29:53,0.87133,0.87148
792,2023-05-09 00:29:54,0.87134,0.87149
793,2023-05-09 00:30:00,0.87134,0.87149
794,2023-05-09 00:30:03,0.87137,0.87152
795,2023-05-09 00:30:04,0.87139,0.87154
796,2023-05-09 00:30:05,0.87138,0.87153
797,2023-05-09 00:30:08,0.87137,0.87152
798,2023-05-09 00:30:14,0.87135,0.8715
801,2023-05-09 00:30:15,0.87136,0.87151
802,2023-05-09 00:30:17,0.871345,0.871495
804,2023-05-09 00:30:20,0.87135,0.8715
805,2023-05-09 00:30:24,0.8713299999999999,0.87148
807,2023-05-09 00:30:26,0.871325,0.871475
809,2023-05-09 00:30:27,0.87133,0.87148
810,2023-05-09 00:30:29,0.87132,0.87147
811,2023-05-09 00:30:30,0.871335,0.8714850000000001
813,2023-05-09 00:30:31,0.87133,0.87148
814,2023-05-09 00:30:40,0.87134,0.87149
815,2023-05-09 00:30:46,0.87133,0.87148
816,2023-05-09 00:30:50,0.87134,0.87149
817,2023-05-09 00:31:00,0.87134,0.87149
818,2023-05-09 00:31:03,0.87133,0.87148
821,2023-05-09 00:31:06,0.87132,0.87147
822,2023-05-09 00:31:13,0.871305,0.871455
824,2023-05-09 00:31:15,0.871305,0.871455
826,2023-05-09 00:31:16,0.87131,0.87146
827,2023-05-09 00:31:22,0.8713,0.87145
828,2023-05-09 00:31:37,0.87132,0.87147
829,2023-05-09 00:31:42,0.87134,0.87149
832,2023-05-09 00:31:43,0.87133,0.87148
833,2023-05-09 00:31:51,0.87132,0.87147
834,2023-05-09 00:31:58,0.87131,0.87146
835,2023-05-09 00:31:59,0.8713150000000001,0.8714649999999999
837,2023-05-09 00:32:00,0.87131,0.87146
838,2023-05-09 00:32:02,0.8713150000000001,0.8714649999999999
842,2023-05-09 00:32:03,0.8713150000000001,0.8714649999999999
844,2023-05-09 00:32:05,0.87133,0.87148
845,2023-05-09 00:32:07,0.87134,0.87149
850,2023-05-09 00:32:13,0.87135,0.8715
851,2023-05-09 00:32:21,0.87136,0.87151
852,2023-05-09 00:32:25,0.871335,0.8714850000000001
854,2023-05-09 00:32:34,0.87134,0.87149
855,2023-05-09 00:32:35,0.871325,0.871475
857,2023-05-09 00:32:41,0.87133,0.87148
858,2023-05-09 00:32:44,0.871325,0.871475
860,2023-05-09 00:32:45,0.871335,0.8714850000000001
862,2023-05-09 00:32:50,0.87134,0.87149
863,2023-05-09 00:32:55,0.87133,0.87148
866,2023-05-09 00:32:59,0.87134,0.87149
867,2023-05-09 00:33:00,0.87134,0.87149
868,2023-05-09 00:33:01,0.871345,0.871495
870,2023-05-09 00:33:02,0.87135,0.8715
871,2023-05-09 00:33:05,0.871345,0.871495
873,2023-05-09 00:33:12,0.87133,0.87148
874,2023-05-09 00:33:13,0.87134,0.87149
875,2023-05-09 00:33:25,0.87133,0.87148
876,2023-05-09 00:33:26,0.871335,0.8714850000000001
878,2023-05-09 00:33:28,0.87132,0.87147
879,2023-05-09 00:33:29,0.87131,0.87146
880,2023-05-09 00:33:30,0.87135,0.8715
883,2023-05-09 00:33:36,0.871375,0.871525
885,2023-05-09 00:33:37,0.871355,0.871505
887,2023-05-09 00:33:38,0.871355,0.871505
889,2023-05-09 00:33:40,0.87134,0.87149
890,2023-05-09 00:33:43,0.87136,0.87151
891,2023-05-09 00:33:45,0.87137,0.87152
892,2023-05-09 00:33:46,0.87136,0.87151
893,2023-05-09 00:33:47,0.87137,0.87152
894,2023-05-09 00:33:48,0.87136,0.87151
895,2023-05-09 00:34:00,0.87137,0.8715200000000001
897,2023-05-09 00:34:06,0.87136,0.87151
898,2023-05-09 00:34:16,0.871375,0.871525
900,2023-05-09 00:34:36,0.87136,0.87151
901,2023-05-09 00:34:59,0.87137,0.87152
902,2023-05-09 00:35:00,0.87137,0.87152
903,2023-05-09 00:35:05,0.87137,0.87152
906,2023-05-09 00:35:06,0.87136,0.87151
907,2023-05-09 00:35:08,0.87138,0.87153
908,2023-05-09 00:35:17,0.87136,0.87151
911,2023-05-09 00:35:27,0.871355,0.871505
913,2023-05-09 00:35:31,0.871365,0.871515
915,2023-05-09 00:35:35,0.8714,0.87155
916,2023-05-09 00:35:47,0.87139,0.87154
917,2023-05-09 00:35:57,0.87138,0.87153
918,2023-05-09 00:36:00,0.87138,0.87153
919,2023-05-09 00:36:06,0.871375,0.871525
921,2023-05-09 00:36:17,0.8714,0.87155
922,2023-05-09 00:36:26,0.87139,0.87154
923,2023-05-09 00:36:38,0.8713850000000001,0.871535
925,2023-05-09 00:36:40,0.87138,0.8715299999999999
927,2023-05-09 00:36:51,0.87138,0.87153
928,2023-05-09 00:36:56,0.87137,0.87152
929,2023-05-09 00:36:59,0.87138,0.87153
930,2023-05-09 00:37:02,0.87138,0.87153
931,2023-05-09 00:37:04,0.87136,0.87151
934,2023-05-09 00:37:09,0.87135,0.8715
935,2023-05-09 00:37:15,0.871355,0.871505
937,2023-05-09 00:37:21,0.87137,0.87152
938,2023-05-09 00:37:23,0.87138,0.87153
939,2023-05-09 00:37:24,0.87137,0.87152
940,2023-05-09 00:37:28,0.87135,0.8715
943,2023-05-09 00:37:32,0.871365,0.871515
945,2023-05-09 00:37:38,0.87135,0.8715
946,2023-05-09 00:37:41,0.87136,0.87151
947,2023-05-09 00:37:42,0.87135,0.8715
948,2023-05-09 00:37:45,0.87136,0.87151
949,2023-05-09 00:37:46,0.87137,0.87152
950,2023-05-09 00:37:49,0.871355,0.871505
952,2023-05-09 00:37:59,0.87136,0.87151
953,2023-05-09 00:38:01,0.87137,0.87152
956,2023-05-09 00:38:02,0.87135,0.8715
957,2023-05-09 00:38:03,0.87137,0.87152
958,2023-05-09 00:38:05,0.87138,0.87153
959,2023-05-09 00:38:14,0.8713850000000001,0.871535
961,2023-05-09 00:38:15,0.8713949999999999,0.871545
963,2023-05-09 00:38:19,0.87139,0.87154
964,2023-05-09 00:38:27,0.87138,0.87153
965,2023-05-09 00:38:29,0.87136,0.87151
966,2023-05-09 00:38:32,0.87135,0.8715
967,2023-05-09 00:38:36,0.871355,0.871505
969,2023-05-09 00:38:38,0.87136,0.87151
970,2023-05-09 00:38:39,0.87136,0.87151
973,2023-05-09 00:38:40,0.87136,0.87151
974,2023-05-09 00:38:41,0.87135,0.8715
975,2023-05-09 00:38:42,0.87136,0.87151
976,2023-05-09 00:38:44,0.87135,0.8715
977,2023-05-09 00:38:49,0.87136,0.87151
978,2023-05-09 00:38:51,0.871375,0.871525
980,2023-05-09 00:38:52,0.87138,0.87153
981,2023-05-09 00:38:54,0.87139,0.87154
982,2023-05-09 00:38:55,0.87138,0.87153
983,2023-05-09 00:38:58,0.87137,0.87152
984,2023-05-09 00:39:00,0.87137,0.87152
985,2023-05-09 00:39:04,0.87138,0.87153
986,2023-05-09 00:39:07,0.87139,0.87154
987,2023-05-09 00:39:20,0.87138,0.87153
988,2023-05-09 00:39:26,0.87139,0.87154
989,2023-05-09 00:39:30,0.871375,0.871525
991,2023-05-09 00:39:39,0.87139,0.87154
992,2023-05-09 00:39:40,0.87137,0.87152
995,2023-05-09 00:39:50,0.87136,0.87151
996,2023-05-09 00:39:57,0.87137,0.87152
997,2023-05-09 00:39:58,0.87138,0.87153
998,2023-05-09 00:39:59,0.87139,0.87154
999,2023-05-09 00:40:00,0.87139,0.87154
1000,2023-05-09 00:40:01,0.87139,0.87154
1003,2023-05-09 00:40:02,0.87139,0.87154
1004,2023-05-09 00:40:10,0.87138,0.87153
1005,2023-05-09 00:40:11,0.87138,0.8715299999999999
1007,2023-05-09 00:40:16,0.871405,0.8715550000000001
1009,2023-05-09 00:40:17,0.87141,0.87156
1010,2023-05-09 00:40:24,0.8713949999999999,0.871545
1012,2023-05-09 00:40:31,0.87141,0.87156
1013,2023-05-09 00:40:32,0.87142,0.87157
1014,2023-05-09 00:40:38,0.87143,0.87158
1015,2023-05-09 00:40:45,0.87142,0.87157
1016,2023-05-09 00:40:51,0.87141,0.87156
1019,2023-05-09 00:40:52,0.87142,0.87157
1020,2023-05-09 00:41:00,0.87142,0.87157
1021,2023-05-09 00:41:11,0.871415,0.8715649999999999
1023,2023-05-09 00:41:17,0.87143,0.87158
1024,2023-05-09 00:41:18,0.87144,0.87159
1025,2023-05-09 00:41:19,0.871435,0.871585
1027,2023-05-09 00:41:20,0.87143,0.87158
1028,2023-05-09 00:41:21,0.871425,0.871575
1030,2023-05-09 00:41:30,0.871425,0.871575
1032,2023-05-09 00:41:31,0.87142,0.87157
1033,2023-05-09 00:41:34,0.871415,0.8715649999999999
1035,2023-05-09 00:41:42,0.87141,0.87156
1036,2023-05-09 00:41:47,0.87142,0.87157
1037,2023-05-09 00:41:48,0.8714,0.87155
1038,2023-05-09 00:41:49,0.87141,0.87156
1039,2023-05-09 00:41:51,0.8714,0.87155
1040,2023-05-09 00:41:59,0.87142,0.87157
1041,2023-05-09 00:42:00,0.871415,0.8715649999999999
1043,2023-05-09 00:42:02,0.8714,0.87155
1044,2023-05-09 00:42:03,0.87141,0.87156
1045,2023-05-09 00:42:04,0.871415,0.8715649999999999
1047,2023-05-09 00:42:05,0.87142,0.87157
1048,2023-05-09 00:42:06,0.87143,0.87158
1049,2023-05-09 00:42:08,0.87142,0.87157
1050,2023-05-09 00:42:10,0.87143,0.87158
1051,2023-05-09 00:42:18,0.87144,0.87159
1052,2023-05-09 00:42:19,0.871425,0.871575
1054,2023-05-09 00:42:22,0.871425,0.871575
1056,2023-05-09 00:42:41,0.871415,0.8715649999999999
1058,2023-05-09 00:42:51,0.87143,0.87158
1059,2023-05-09 00:42:56,0.87147,0.87162
1060,2023-05-09 00:43:00,0.87147,0.87162
1061,2023-05-09 00:43:08,0.87146,0.87161
1062,2023-05-09 00:43:09,0.87145,0.8716
1063,2023-05-09 00:43:10,0.87147,0.87162
1064,2023-05-09 00:43:27,0.87146,0.87161
1065,2023-05-09 00:43:33,0.87148,0.87163
1066,2023-05-09 00:43:42,0.87149,0.87164
1067,2023-05-09 00:43:44,0.8714850000000001,0.8716349999999999
1069,2023-05-09 00:43:50,0.87148,0.87163
1070,2023-05-09 00:43:57,0.87149,0.87164
1071,2023-05-09 00:44:00,0.87149,0.87164
1074,2023-05-09 00:44:24,0.87151,0.87166
1076,2023-05-09 00:44:25,0.87151,0.87166
1077,2023-05-09 00:44:26,0.8715,0.87165
1078,2023-05-09 00:44:30,0.87149,0.87164
1079,2023-05-09 00:44:44,0.87151,0.87166
1080,2023-05-09 00:44:46,0.8715,0.87165
1081,2023-05-09 00:44:47,0.87151,0.87166
1082,2023-05-09 00:44:49,0.87149,0.87164
1083,2023-05-09 00:44:51,0.87148,0.87163
1084,2023-05-09 00:44:53,0.8714649999999999,0.871615
1086,2023-05-09 00:44:54,0.87148,0.87163
1087,2023-05-09 00:44:56,0.87147,0.87162
1088,2023-05-09 00:44:57,0.87145,0.8716
1089,2023-05-09 00:45:00,0.87145,0.8716
1090,2023-05-09 00:45:11,0.87144,0.87159
1091,2023-05-09 00:45:26,0.87143,0.87158
1092,2023-05-09 00:45:40,0.87144,0.87159
1093,2023-05-09 00:45:41,0.871425,0.871575
1095,2023-05-09 00:45:48,0.87144,0.87159
1098,2023-05-09 00:45:53,0.87146,0.87161
1099,2023-05-09 00:45:55,0.87143,0.87158
1100,2023-05-09 00:46:00,0.87143,0.87158
1101,2023-05-09 00:46:02,0.87144,0.87159
1102,2023-05-09 00:46:08,0.87145,0.8716
1103,2023-05-09 00:46:37,0.87144,0.87159
1104,2023-05-09 00:46:44,0.87143,0.87158
1105,2023-05-09 00:46:46,0.87144,0.87159
1106,2023-05-09 00:46:47,0.871435,0.871585
1108,2023-05-09 00:47:00,0.87144,0.87159
1109,2023-05-09 00:47:05,0.87145,0.8716
1110,2023-05-09 00:47:10,0.871445,0.871595
1112,2023-05-09 00:47:12,0.87144,0.87159
1113,2023-05-09 00:47:13,0.87145,0.8716
1114,2023-05-09 00:47:17,0.87144,0.87159
1115,2023-05-09 00:47:23,0.871445,0.871595
1117,2023-05-09 00:47:26,0.87146,0.87161
1118,2023-05-09 00:47:27,0.87145,0.8716
1119,2023-05-09 00:47:28,0.87144,0.87159
1120,2023-05-09 00:47:29,0.871445,0.871595
1122,2023-05-09 00:47:32,0.871445,0.871595
1124,2023-05-09 00:47:44,0.871445,0.871595
1126,2023-05-09 00:47:47,0.87145,0.8716
1127,2023-05-09 00:47:48,0.87146,0.87161
1128,2023-05-09 00:47:50,0.87145,0.8716
1129,2023-05-09 00:47:51,0.87146,0.87161
1130,2023-05-09 00:47:58,0.87147,0.87162
1131,2023-05-09 00:48:00,0.87147,0.87162
1132,2023-05-09 00:48:01,0.87146,0.87161
1133,2023-05-09 00:48:08,0.87145,0.8716
1134,2023-05-09 00:48:09,0.87146,0.87161
1135,2023-05-09 00:48:10,0.8714850000000001,0.8716349999999999
1137,2023-05-09 00:48:11,0.87148,0.87163
1138,2023-05-09 00:48:12,0.87147,0.87162
1139,2023-05-09 00:48:13,0.87148,0.87163
1142,2023-05-09 00:48:14,0.87147,0.87162
1145,2023-05-09 00:48:15,0.8714850000000001,0.8716349999999999
1147,2023-05-09 00:48:16,0.8715,0.87165
1151,2023-05-09 00:48:18,0.87153,0.87168
1152,2023-05-09 00:48:19,0.871525,0.871675
1154,2023-05-09 00:48:20,0.87154,0.87169
1155,2023-05-09 00:48:22,0.87153,0.87168
1158,2023-05-09 00:48:23,0.87154,0.87169
1159,2023-05-09 00:48:26,0.87155,0.8717
1160,2023-05-09 00:48:29,0.871545,0.871695
1162,2023-05-09 00:48:30,0.87157,0.87172
1163,2023-05-09 00:48:31,0.87156,0.87171
1164,2023-05-09 00:48:32,0.87157,0.87172
1165,2023-05-09 00:48:33,0.871585,0.8717349999999999
1167,2023-05-09 00:48:34,0.87158,0.87173
1168,2023-05-09 00:48:38,0.87159,0.87174
1169,2023-05-09 00:48:40,0.871585,0.8717349999999999
1171,2023-05-09 00:48:41,0.87158,0.87173
1172,2023-05-09 00:48:44,0.87156,0.87171
1173,2023-05-09 00:48:45,0.87155,0.8717
1174,2023-05-09 00:48:47,0.87156,0.87171
1175,2023-05-09 00:49:00,0.87154,0.87169
1178,2023-05-09 00:49:05,0.87154,0.87169
1179,2023-05-09 00:49:06,0.87153,0.87168
1182,2023-05-09 00:49:08,0.87154,0.87169
1183,2023-05-09 00:49:17,0.871525,0.871675
1185,2023-05-09 00:49:31,0.87153,0.87168
1186,2023-05-09 00:49:34,0.87152,0.87167
1187,2023-05-09 00:49:41,0.87153,0.87168
1188,2023-05-09 00:49:54,0.871525,0.871675
1190,2023-05-09 00:50:00,0.87153,0.87168
1191,2023-05-09 00:50:05,0.87155,0.8717
1194,2023-05-09 00:50:06,0.87156,0.87171
1195,2023-05-09 00:50:24,0.87157,0.87172
1196,2023-05-09 00:50:28,0.87156,0.87171
1197,2023-05-09 00:50:30,0.87157,0.87172
1198,2023-05-09 00:50:32,0.87156,0.87171
1199,2023-05-09 00:50:33,0.87157,0.87172
1200,2023-05-09 00:50:35,0.87158,0.87173
1201,2023-05-09 00:50:45,0.87157,0.87172
1202,2023-05-09 00:50:52,0.8716,0.87175
1205,2023-05-09 00:50:59,0.87159,0.87174
1206,2023-05-09 00:51:00,0.871595,0.871745
1208,2023-05-09 00:51:02,0.87161,0.87176
1209,2023-05-09 00:51:10,0.87162,0.87177
1210,2023-05-09 00:51:11,0.871615,0.871765
1212,2023-05-09 00:51:14,0.87161,0.87176
1213,2023-05-09 00:51:20,0.871615,0.871765
1215,2023-05-09 00:51:21,0.87162,0.87177
1216,2023-05-09 00:51:29,0.8715999999999999,0.87175
1218,2023-05-09 00:51:30,0.8716,0.87175
1219,2023-05-09 00:51:31,0.87161,0.87176
1220,2023-05-09 00:51:33,0.8716,0.87175
1221,2023-05-09 00:51:38,0.871605,0.8717550000000001
1223,2023-05-09 00:51:39,0.87161,0.87176
1224,2023-05-09 00:51:40,0.871615,0.871765
1226,2023-05-09 00:51:41,0.87162,0.87177
1227,2023-05-09 00:51:43,0.87161,0.87176
1228,2023-05-09 00:52:00,0.87161,0.87176
1231,2023-05-09 00:52:03,0.87162,0.87177
1232,2023-05-09 00:52:05,0.87161,0.87176
1233,2023-05-09 00:52:24,0.8716,0.87175
1234,2023-05-09 00:52:25,0.87161,0.87176
1235,2023-05-09 00:52:32,0.87162,0.87177
1236,2023-05-09 00:52:33,0.871625,0.871775
1238,2023-05-09 00:52:35,0.87163,0.87178
1239,2023-05-09 00:52:37,0.87162,0.87177
1240,2023-05-09 00:52:41,0.87161,0.87176
1241,2023-05-09 00:52:42,0.87163,0.87178
1242,2023-05-09 00:52:45,0.871625,0.871775
1244,2023-05-09 00:53:00,0.8716349999999999,0.871785
1246,2023-05-09 00:53:02,0.87164,0.87179
1247,2023-05-09 00:53:03,0.87163,0.87178
1248,2023-05-09 00:53:07,0.8716349999999999,0.871785
1250,2023-05-09 00:53:20,0.8716349999999999,0.871785
1252,2023-05-09 00:53:23,0.87162,0.87177
1253,2023-05-09 00:53:34,0.87161,0.87176
1254,2023-05-09 00:53:42,0.87162,0.87177
1255,2023-05-09 00:53:48,0.87161,0.87176
1256,2023-05-09 00:53:59,0.87162,0.87177
1257,2023-05-09 00:54:00,0.87162,0.87177
1258,2023-05-09 00:54:10,0.87161,0.87176
1259,2023-05-09 00:54:14,0.8716,0.87175
1260,2023-05-09 00:54:16,0.87161,0.87176
1261,2023-05-09 00:54:17,0.8716,0.87175
1262,2023-05-09 00:54:20,0.87159,0.87174
1263,2023-05-09 00:54:21,0.8716,0.87175
1264,2023-05-09 00:54:27,0.87161,0.87176
1265,2023-05-09 00:54:30,0.8716,0.87175
1266,2023-05-09 00:54:32,0.87161,0.87176
1267,2023-05-09 00:54:34,0.871585,0.8717349999999999
1269,2023-05-09 00:54:35,0.87158,0.87173
1272,2023-05-09 00:54:36,0.8716,0.87175
1273,2023-05-09 00:54:38,0.871575,0.8717250000000001
1275,2023-05-09 00:54:39,0.87158,0.87173
1276,2023-05-09 00:54:40,0.87157,0.87172
1277,2023-05-09 00:54:42,0.87158,0.87173
1278,2023-05-09 00:54:43,0.87156,0.87171
1279,2023-05-09 00:54:44,0.87157,0.87172
1282,2023-05-09 00:54:47,0.871575,0.8717250000000001
1284,2023-05-09 00:54:48,0.87157,0.87172
1285,2023-05-09 00:54:49,0.8715550000000001,0.871705
1287,2023-05-09 00:54:52,0.87155,0.8717
1288,2023-05-09 00:54:53,0.87154,0.87169
1289,2023-05-09 00:54:56,0.87155,0.8717
1290,2023-05-09 00:54:57,0.8715550000000001,0.871705
1292,2023-05-09 00:54:58,0.87154,0.87169
1295,2023-05-09 00:54:59,0.871535,0.871685
1297,2023-05-09 00:55:00,0.87154,0.87169
1300,2023-05-09 00:55:02,0.87155,0.8717
1301,2023-05-09 00:55:03,0.8715550000000001,0.871705
1303,2023-05-09 00:55:09,0.87156,0.87171
1304,2023-05-09 00:55:10,0.87157,0.87172
1305,2023-05-09 00:55:19,0.87158,0.87173
1306,2023-05-09 00:55:22,0.87159,0.87174
1307,2023-05-09 00:55:28,0.8716,0.87175
1308,2023-05-09 00:55:33,0.87159,0.87174
1309,2023-05-09 00:55:35,0.8716,0.87175
1310,2023-05-09 00:55:41,0.87159,0.87174
1311,2023-05-09 00:55:42,0.871595,0.871745
1313,2023-05-09 00:55:44,0.8716,0.87175
1314,2023-05-09 00:55:48,0.87159,0.87174
1315,2023-05-09 00:56:00,0.8715999999999999,0.87175
1317,2023-05-09 00:56:03,0.871595,0.871745
1319,2023-05-09 00:56:05,0.87158,0.87173
1320,2023-05-09 00:56:07,0.871585,0.8717349999999999
1322,2023-05-09 00:56:10,0.87159,0.87174
1323,2023-05-09 00:56:11,0.87158,0.87173
1326,2023-05-09 00:56:12,0.871575,0.8717250000000001
1328,2023-05-09 00:56:13,0.87159,0.87174
1329,2023-05-09 00:56:14,0.871585,0.8717349999999999
1331,2023-05-09 00:56:15,0.871575,0.8717250000000001
1333,2023-05-09 00:56:16,0.87151,0.87166
1336,2023-05-09 00:56:18,0.87147,0.8716200000000001
1340,2023-05-09 00:56:19,0.87143,0.87158
1341,2023-05-09 00:56:26,0.8714649999999999,0.871615
1345,2023-05-09 00:56:27,0.87146,0.87161
1346,2023-05-09 00:56:28,0.87144,0.87159
1347,2023-05-09 00:56:31,0.87146,0.87161
1348,2023-05-09 00:56:32,0.87145,0.8716
1349,2023-05-09 00:56:34,0.8714649999999999,0.871615
1351,2023-05-09 00:56:37,0.87148,0.87163
1352,2023-05-09 00:56:39,0.87147,0.87162
1353,2023-05-09 00:56:40,0.871475,0.871625
1355,2023-05-09 00:56:42,0.87148,0.87163
1356,2023-05-09 00:56:43,0.8714649999999999,0.871615
1358,2023-05-09 00:56:44,0.87145,0.8716
1359,2023-05-09 00:56:47,0.8714649999999999,0.871615
1361,2023-05-09 00:56:51,0.871475,0.871625
1363,2023-05-09 00:56:52,0.87149,0.87164
1364,2023-05-09 00:56:55,0.87148,0.87163
1365,2023-05-09 00:56:56,0.87147,0.87162
1366,2023-05-09 00:56:57,0.87148,0.87163
1367,2023-05-09 00:57:00,0.87148,0.87163
1368,2023-05-09 00:57:03,0.87147,0.87162
1369,2023-05-09 00:57:19,0.87146,0.87161
1370,2023-05-09 00:57:21,0.87147,0.87162
1371,2023-05-09 00:57:22,0.87146,0.87161
1372,2023-05-09 00:57:23,0.87147,0.87162
1373,2023-05-09 00:57:29,0.87148,0.87163
1374,2023-05-09 00:57:35,0.87149,0.87164
1375,2023-05-09 00:57:41,0.87148,0.87163
1376,2023-05-09 00:57:47,0.8714649999999999,0.871615
1378,2023-05-09 00:58:00,0.871445,0.871595
1382,2023-05-09 00:58:06,0.87143,0.87158
1383,2023-05-09 00:58:10,0.87142,0.87157
1384,2023-05-09 00:58:11,0.871445,0.871595
1386,2023-05-09 00:58:28,0.87143,0.87158
1387,2023-05-09 00:58:31,0.87142,0.87157
1388,2023-05-09 00:58:32,0.87143,0.87158
1389,2023-05-09 00:58:33,0.87142,0.87157
1390,2023-05-09 00:58:36,0.87143,0.87158
1391,2023-05-09 00:58:40,0.87142,0.87157
1392,2023-05-09 00:58:41,0.871425,0.871575
1394,2023-05-09 00:58:42,0.87141,0.87156
1395,2023-05-09 00:58:43,0.871425,0.871575
1397,2023-05-09 00:58:46,0.8714500000000001,0.8715999999999999
1399,2023-05-09 00:58:47,0.87145,0.8716
1400,2023-05-09 00:58:49,0.87146,0.87161
1401,2023-05-09 00:58:50,0.87144,0.8715900000000001
1403,2023-05-09 00:58:52,0.871435,0.871585
1405,2023-05-09 00:58:59,0.87142,0.87157
1406,2023-05-09 00:59:00,0.87142,0.87157
1407,2023-05-09 00:59:05,0.87143,0.87158
1408,2023-05-09 00:59:06,0.87144,0.87159
1409,2023-05-09 00:59:13,0.87145,0.8716
1410,2023-05-09 00:59:26,0.871455,0.871605
1412,2023-05-09 00:59:27,0.87146,0.87161
1413,2023-05-09 00:59:29,0.87145,0.8716
1414,2023-05-09 00:59:32,0.87146,0.87161
1415,2023-05-09 00:59:33,0.871455,0.871605
1417,2023-05-09 00:59:37,0.87146,0.87161
1420,2023-05-09 00:59:38,0.8714649999999999,0.871615
1422,2023-05-09 00:59:50,0.87148,0.87163
1423,2023-05-09 00:59:51,0.87149,0.87164
1424,2023-05-09 00:59:57,0.87148,0.87163
1425,2023-05-09 01:00:00,0.87148,0.87163
1426,2023-05-09 01:00:01,0.871495,0.871645
1428,2023-05-09 01:00:07,0.87149,0.87164
1429,2023-05-09 01:00:08,0.871505,0.8716550000000001
1431,2023-05-09 01:00:11,0.87152,0.87167
1432,2023-05-09 01:00:13,0.87151,0.87166
1433,2023-05-09 01:00:16,0.8715,0.87165
1434,2023-05-09 01:00:18,0.87151,0.87166
1435,2023-05-09 01:00:31,0.871515,0.8716649999999999
1437,2023-05-09 01:00:35,0.87152,0.87167
1438,2023-05-09 01:00:36,0.87151,0.87166
1439,2023-05-09 01:00:37,0.87152,0.87167
1440,2023-05-09 01:00:50,0.87153,0.87168
1441,2023-05-09 01:00:54,0.87152,0.87167
1442,2023-05-09 01:00:55,0.871515,0.8716649999999999
1444,2023-05-09 01:00:57,0.87151,0.87166
1445,2023-05-09 01:01:00,0.871505,0.8716550000000001
1447,2023-05-09 01:01:01,0.87152,0.87167
1448,2023-05-09 01:01:02,0.871515,0.8716649999999999
1450,2023-05-09 01:01:04,0.8715200000000001,0.87167
1452,2023-05-09 01:01:10,0.87152,0.87167
1455,2023-05-09 01:01:13,0.87151,0.87166
1456,2023-05-09 01:01:16,0.8715,0.87165
1457,2023-05-09 01:01:18,0.871505,0.8716550000000001
1459,2023-05-09 01:01:19,0.87151,0.87166
1462,2023-05-09 01:01:21,0.87151,0.87166
1463,2023-05-09 01:01:24,0.87152,0.87167
1464,2023-05-09 01:01:27,0.87149,0.87164
1465,2023-05-09 01:01:31,0.8715,0.87165
1466,2023-05-09 01:01:38,0.87149,0.87164
1467,2023-05-09 01:01:39,0.8715,0.87165
1468,2023-05-09 01:01:45,0.871495,0.871645
1470,2023-05-09 01:01:46,0.87149,0.87164
1471,2023-05-09 01:01:47,0.8715,0.87165
1472,2023-05-09 01:01:49,0.87151,0.87166
1473,2023-05-09 01:01:52,0.871535,0.871685
1475,2023-05-09 01:01:59,0.87154,0.87169
1476,2023-05-09 01:02:00,0.8715299999999999,0.87168
1478,2023-05-09 01:02:02,0.8715,0.87165
1479,2023-05-09 01:02:03,0.87149,0.87164
1480,2023-05-09 01:02:10,0.87148,0.87163
1481,2023-05-09 01:02:17,0.871475,0.871625
1483,2023-05-09 01:02:18,0.87147,0.87162
1484,2023-05-09 01:02:21,0.87148,0.87163
1485,2023-05-09 01:02:31,0.87147,0.87162
1486,2023-05-09 01:02:37,0.87148,0.87163
1487,2023-05-09 01:02:40,0.87147,0.87162
1488,2023-05-09 01:02:42,0.87148,0.87163
1489,2023-05-09 01:02:43,0.87147,0.87162
1490,2023-05-09 01:02:49,0.87146,0.87161
1491,2023-05-09 01:02:55,0.87145,0.8716
1492,2023-05-09 01:02:56,0.87144,0.87159
1493,2023-05-09 01:02:57,0.87143,0.87158
1494,2023-05-09 01:02:58,0.87144,0.87159
1495,2023-05-09 01:02:59,0.87143,0.87158
1496,2023-05-09 01:03:00,0.87143,0.87158
1497,2023-05-09 01:03:02,0.87144,0.87159
1498,2023-05-09 01:03:06,0.871415,0.8715649999999999
1500,2023-05-09 01:03:09,0.871425,0.871575
1502,2023-05-09 01:03:10,0.87142,0.87157
1503,2023-05-09 01:03:18,0.87143,0.87158
1504,2023-05-09 01:03:19,0.87141,0.87156
1507,2023-05-09 01:03:27,0.87142,0.87157
1508,2023-05-09 01:03:31,0.87141,0.87156
1509,2023-05-09 01:03:32,0.87142,0.87157
1510,2023-05-09 01:03:53,0.87141,0.87156
1511,2023-05-09 01:04:00,0.87141,0.87156
1512,2023-05-09 01:04:01,0.8714,0.87155
1513,2023-05-09 01:04:04,0.87141,0.87156
1514,2023-05-09 01:04:11,0.87142,0.87157
1515,2023-05-09 01:04:13,0.87143,0.87158
1516,2023-05-09 01:04:16,0.87142,0.87157
1517,2023-05-09 01:04:22,0.87141,0.87156
1518,2023-05-09 01:04:34,0.871415,0.8715649999999999
1520,2023-05-09 01:04:38,0.87139,0.87154
1521,2023-05-09 01:04:39,0.87138,0.87153
1522,2023-05-09 01:04:41,0.8714,0.87155
1524,2023-05-09 01:04:47,0.8714,0.87155
1525,2023-05-09 01:04:49,0.871415,0.8715649999999999
1527,2023-05-09 01:04:52,0.871415,0.8715649999999999
1529,2023-05-09 01:04:59,0.871425,0.871575
1531,2023-05-09 01:05:00,0.87142,0.87157
1532,2023-05-09 01:05:07,0.87143,0.87158
1533,2023-05-09 01:05:15,0.871425,0.871575
1535,2023-05-09 01:05:16,0.871425,0.871575
1537,2023-05-09 01:05:19,0.87142,0.87157
1538,2023-05-09 01:05:20,0.87143,0.87158
1539,2023-05-09 01:05:43,0.8714,0.87155
1540,2023-05-09 01:05:46,0.87141,0.87156
1543,2023-05-09 01:05:59,0.871405,0.8715550000000001
1545,2023-05-09 01:06:00,0.87141,0.87156
1546,2023-05-09 01:06:01,0.87142,0.87157
1547,2023-05-09 01:06:03,0.8714,0.87155
1548,2023-05-09 01:06:06,0.87141,0.87156
1549,2023-05-09 01:06:07,0.871405,0.8715550000000001
1551,2023-05-09 01:06:13,0.871405,0.8715550000000001
1553,2023-05-09 01:06:24,0.8714,0.87155
1554,2023-05-09 01:06:30,0.87139,0.87154
1555,2023-05-09 01:06:32,0.87141,0.87156
1556,2023-05-09 01:06:33,0.8714,0.87155
1557,2023-05-09 01:06:38,0.871405,0.8715550000000001
1559,2023-05-09 01:06:44,0.87139,0.87154
1560,2023-05-09 01:06:45,0.8713949999999999,0.871545
1562,2023-05-09 01:06:46,0.8714,0.87155
1563,2023-05-09 01:06:49,0.871405,0.8715550000000001
1565,2023-05-09 01:06:51,0.87139,0.87154
1566,2023-05-09 01:06:52,0.8713949999999999,0.871545
1568,2023-05-09 01:06:55,0.8714,0.87155
1569,2023-05-09 01:06:56,0.87139,0.87154
1570,2023-05-09 01:06:58,0.8714,0.87155
1571,2023-05-09 01:06:59,0.87139,0.87154
1572,2023-05-09 01:07:00,0.87138,0.87153
1575,2023-05-09 01:07:02,0.87136,0.87151
1576,2023-05-09 01:07:06,0.87137,0.87152
1577,2023-05-09 01:07:07,0.871365,0.871515
1579,2023-05-09 01:07:11,0.87136,0.87151
1580,2023-05-09 01:07:14,0.871375,0.871525
1582,2023-05-09 01:07:17,0.87139,0.87154
1583,2023-05-09 01:07:18,0.8714,0.87155
1584,2023-05-09 01:07:19,0.87139,0.87154
1585,2023-05-09 01:07:20,0.8714,0.87155
1586,2023-05-09 01:07:28,0.87139,0.87154
1587,2023-05-09 01:07:33,0.8714,0.87155
1588,2023-05-09 01:07:55,0.87141,0.87156
1589,2023-05-09 01:08:00,0.87141,0.87156
1590,2023-05-09 01:08:01,0.87141,0.87156
1592,2023-05-09 01:08:02,0.87139,0.87154
1593,2023-05-09 01:08:14,0.8714,0.87155
1594,2023-05-09 01:08:16,0.87139,0.87154
1595,2023-05-09 01:08:17,0.8714,0.87155
1596,2023-05-09 01:08:20,0.87139,0.87154
1597,2023-05-09 01:08:23,0.8714,0.87155
1600,2023-05-09 01:08:24,0.8713949999999999,0.871545
1602,2023-05-09 01:08:28,0.8713850000000001,0.871535
1604,2023-05-09 01:08:30,0.87141,0.87156
1605,2023-05-09 01:08:42,0.87143,0.87158
1608,2023-05-09 01:08:43,0.87142,0.87157
1609,2023-05-09 01:08:47,0.87143,0.87158
1610,2023-05-09 01:08:50,0.87142,0.87157
1611,2023-05-09 01:09:00,0.87142,0.87157
1612,2023-05-09 01:09:06,0.87143,0.87158
1613,2023-05-09 01:09:08,0.87142,0.87157
1614,2023-05-09 01:09:10,0.8714200000000001,0.87157
1616,2023-05-09 01:09:26,0.87142,0.87157
1617,2023-05-09 01:09:30,0.87143,0.87158
1618,2023-05-09 01:09:32,0.87142,0.87157
1619,2023-05-09 01:09:33,0.871425,0.871575
1621,2023-05-09 01:09:34,0.87143,0.87158
1622,2023-05-09 01:09:39,0.87142,0.87157
1623,2023-05-09 01:09:40,0.87143,0.87158
1624,2023-05-09 01:09:42,0.87144,0.87159
1625,2023-05-09 01:09:44,0.87145,0.8716
1626,2023-05-09 01:09:47,0.87144,0.87159
1627,2023-05-09 01:09:50,0.87145,0.8716
1628,2023-05-09 01:09:55,0.87144,0.87159
1629,2023-05-09 01:09:57,0.87146,0.87161
1630,2023-05-09 01:09:59,0.87145,0.8716
1631,2023-05-09 01:10:00,0.87145,0.8716
1632,2023-05-09 01:10:02,0.87147,0.87162
1635,2023-05-09 01:10:08,0.87149,0.87164
1636,2023-05-09 01:10:11,0.87148,0.87163
1637,2023-05-09 01:10:19,0.87149,0.87164
1638,2023-05-09 01:10:22,0.87148,0.87163
1639,2023-05-09 01:10:34,0.871475,0.871625
1641,2023-05-09 01:10:35,0.871495,0.871645
1643,2023-05-09 01:10:36,0.87149,0.87164
1644,2023-05-09 01:10:45,0.87148,0.87163
1645,2023-05-09 01:10:46,0.87149,0.87164
1646,2023-05-09 01:10:55,0.87148,0.87163
1647,2023-05-09 01:11:00,0.87148,0.87163
1648,2023-05-09 01:11:08,0.8714850000000001,0.8716349999999999
1650,2023-05-09 01:11:09,0.87147,0.87162
1651,2023-05-09 01:11:10,0.87148,0.87163
1652,2023-05-09 01:11:17,0.87147,0.87162
1653,2023-05-09 01:11:21,0.87146,0.87161
1654,2023-05-09 01:11:22,0.87145,0.8716
1655,2023-05-09 01:11:26,0.87146,0.87161
1656,2023-05-09 01:11:34,0.87147,0.87162
1657,2023-05-09 01:11:36,0.87146,0.87161
1658,2023-05-09 01:11:41,0.87147,0.87162
1659,2023-05-09 01:11:42,0.87146,0.87161
1660,2023-05-09 01:11:43,0.87145,0.8716
1661,2023-05-09 01:11:44,0.87146,0.87161
1662,2023-05-09 01:11:49,0.871455,0.871605
1664,2023-05-09 01:12:00,0.87146,0.87161
1665,2023-05-09 01:12:03,0.87145,0.8716
1666,2023-05-09 01:12:07,0.87146,0.87161
1667,2023-05-09 01:12:08,0.87145,0.8716
1668,2023-05-09 01:12:11,0.87143,0.87158
1669,2023-05-09 01:12:16,0.87142,0.87157
1670,2023-05-09 01:12:21,0.87143,0.87158
1671,2023-05-09 01:12:22,0.87142,0.87157
1672,2023-05-09 01:12:27,0.87141,0.87156
1673,2023-05-09 01:12:29,0.87142,0.87157
1676,2023-05-09 01:12:30,0.871415,0.8715649999999999
1678,2023-05-09 01:12:31,0.87141,0.87156
1679,2023-05-09 01:12:34,0.87142,0.87157
1680,2023-05-09 01:12:41,0.87141,0.87156
1681,2023-05-09 01:12:46,0.8714,0.87155
1682,2023-05-09 01:12:47,0.87141,0.87156
1683,2023-05-09 01:12:48,0.8714,0.87155
1684,2023-05-09 01:12:51,0.87141,0.87156
1685,2023-05-09 01:12:54,0.8714,0.87155
1686,2023-05-09 01:12:57,0.87141,0.87156
1687,2023-05-09 01:13:00,0.87141,0.87156
1688,2023-05-09 01:13:12,0.8714,0.87155
1689,2023-05-09 01:13:14,0.87138,0.87153
1690,2023-05-09 01:13:16,0.87139,0.87154
1691,2023-05-09 01:13:22,0.8714,0.87155
1692,2023-05-09 01:13:27,0.87139,0.87154
1693,2023-05-09 01:13:31,0.8714,0.87155
1694,2023-05-09 01:13:32,0.87141,0.87156
1695,2023-05-09 01:13:37,0.8713850000000001,0.871535
1699,2023-05-09 01:13:56,0.87137,0.87152
1700,2023-05-09 01:14:00,0.87137,0.87152
1701,2023-05-09 01:14:04,0.87138,0.87153
1702,2023-05-09 01:14:05,0.87141,0.87156
1705,2023-05-09 01:14:07,0.87141,0.87156
1707,2023-05-09 01:14:09,0.87142,0.87157
1708,2023-05-09 01:14:11,0.87141,0.87156
1709,2023-05-09 01:14:13,0.87144,0.87159
1710,2023-05-09 01:14:14,0.87145,0.8716
1711,2023-05-09 01:14:16,0.87146,0.87161
1712,2023-05-09 01:14:18,0.87145,0.8716
1713,2023-05-09 01:14:20,0.87144,0.87159
1714,2023-05-09 01:14:21,0.87145,0.8716
1715,2023-05-09 01:14:23,0.87143,0.87158
1716,2023-05-09 01:14:24,0.87144,0.87159
1717,2023-05-09 01:14:25,0.871445,0.871595
1719,2023-05-09 01:14:30,0.87143,0.87158
1720,2023-05-09 01:14:34,0.87142,0.87157
1721,2023-05-09 01:14:39,0.87141,0.87156
1722,2023-05-09 01:14:41,0.8714,0.87155
1723,2023-05-09 01:14:43,0.87139,0.87154
1724,2023-05-09 01:14:44,0.87141,0.87156
1726,2023-05-09 01:14:45,0.871435,0.871585
1728,2023-05-09 01:14:46,0.87142,0.87157
1729,2023-05-09 01:14:48,0.87146,0.87161
1730,2023-05-09 01:14:50,0.87145,0.8716
1731,2023-05-09 01:14:53,0.87146,0.87161
1732,2023-05-09 01:14:55,0.871445,0.871595
1734,2023-05-09 01:15:00,0.871455,0.871605
1738,2023-05-09 01:15:02,0.871475,0.871625
1740,2023-05-09 01:15:04,0.87146,0.87161
1741,2023-05-09 01:15:05,0.87147,0.87162
1742,2023-05-09 01:15:06,0.87146,0.87161
1743,2023-05-09 01:15:10,0.87147,0.87162
1744,2023-05-09 01:15:14,0.87146,0.87161
1745,2023-05-09 01:15:15,0.87144,0.87159
1746,2023-05-09 01:15:19,0.87143,0.87158
1747,2023-05-09 01:15:30,0.87144,0.87159
1748,2023-05-09 01:15:36,0.87143,0.87158
1749,2023-05-09 01:15:41,0.871415,0.8715649999999999
1751,2023-05-09 01:15:42,0.87141,0.87156
1752,2023-05-09 01:15:43,0.8714,0.87155
1755,2023-05-09 01:15:45,0.87139,0.87154
1756,2023-05-09 01:15:47,0.871405,0.8715550000000001
1758,2023-05-09 01:15:49,0.871365,0.871515
1760,2023-05-09 01:15:56,0.87136,0.87151
1763,2023-05-09 01:15:59,0.87135,0.8715
1766,2023-05-09 01:16:00,0.87137,0.87152
1767,2023-05-09 01:16:01,0.87138,0.87153
1768,2023-05-09 01:16:02,0.87137,0.87152
1769,2023-05-09 01:16:05,0.87137,0.8715200000000001
1771,2023-05-09 01:16:08,0.87137,0.87152
1772,2023-05-09 01:16:18,0.87138,0.87153
1773,2023-05-09 01:16:21,0.87136,0.87151
1774,2023-05-09 01:16:23,0.87137,0.87152
1775,2023-05-09 01:16:32,0.87136,0.87151
1776,2023-05-09 01:16:39,0.871355,0.871505
1778,2023-05-09 01:16:40,0.871355,0.871505
1780,2023-05-09 01:16:41,0.87137,0.87152
1781,2023-05-09 01:16:44,0.87138,0.87153
1782,2023-05-09 01:16:47,0.87139,0.87154
1783,2023-05-09 01:16:50,0.87138,0.87153
1784,2023-05-09 01:16:55,0.87137,0.87152
1785,2023-05-09 01:16:57,0.87139,0.87154
1786,2023-05-09 01:16:59,0.87138,0.87153
1787,2023-05-09 01:17:00,0.87138,0.87153
1788,2023-05-09 01:17:03,0.87139,0.87154
1789,2023-05-09 01:17:20,0.8714,0.87155
1790,2023-05-09 01:17:35,0.87139,0.87154
1791,2023-05-09 01:17:41,0.8714,0.87155
1792,2023-05-09 01:17:50,0.87139,0.87154
1793,2023-05-09 01:17:53,0.8714,0.87155
1794,2023-05-09 01:17:59,0.87139,0.87154
1795,2023-05-09 01:18:00,0.87139,0.87154
1796,2023-05-09 01:18:04,0.8714,0.87155
1797,2023-05-09 01:18:07,0.87138,0.87153
1798,2023-05-09 01:18:09,0.871365,0.871515
1800,2023-05-09 01:18:11,0.87135,0.8715
1801,2023-05-09 01:18:14,0.871355,0.871505
1803,2023-05-09 01:18:19,0.87136,0.87151
1804,2023-05-09 01:18:20,0.871345,0.871495
1806,2023-05-09 01:18:26,0.87135,0.8715
1807,2023-05-09 01:18:48,0.87134,0.87149
1808,2023-05-09 01:19:02,0.87134,0.87149
1809,2023-05-09 01:19:05,0.87133,0.87148
1810,2023-05-09 01:19:09,0.87134,0.87149
1811,2023-05-09 01:19:17,0.87133,0.87148
1812,2023-05-09 01:19:18,0.871325,0.871475
1814,2023-05-09 01:19:27,0.87132,0.87147
1815,2023-05-09 01:19:30,0.87131,0.87146
1816,2023-05-09 01:19:43,0.87132,0.87147
1817,2023-05-09 01:19:47,0.87131,0.87146
1818,2023-05-09 01:19:48,0.87131,0.8714599999999999
1820,2023-05-09 01:19:49,0.8712949999999999,0.871445
1822,2023-05-09 01:19:52,0.871305,0.871455
1824,2023-05-09 01:20:00,0.8712850000000001,0.871435
1826,2023-05-09 01:20:03,0.871255,0.871405
1828,2023-05-09 01:20:04,0.87128,0.87143
1829,2023-05-09 01:20:06,0.87129,0.87144
1830,2023-05-09 01:20:11,0.87128,0.87143
1831,2023-05-09 01:20:16,0.87129,0.87144
1832,2023-05-09 01:20:17,0.871305,0.871455
1834,2023-05-09 01:20:18,0.87132,0.87147
1835,2023-05-09 01:20:19,0.8713150000000001,0.8714649999999999
1837,2023-05-09 01:20:20,0.87131,0.87146
1838,2023-05-09 01:20:21,0.871305,0.871455
1840,2023-05-09 01:20:23,0.8713,0.87145
1841,2023-05-09 01:20:25,0.87129,0.87144
1842,2023-05-09 01:20:26,0.8712850000000001,0.871435
1844,2023-05-09 01:20:33,0.871275,0.871425
1846,2023-05-09 01:20:34,0.87127,0.87142
1849,2023-05-09 01:20:36,0.87125,0.8714
1850,2023-05-09 01:20:41,0.871265,0.871415
1852,2023-05-09 01:20:56,0.87126,0.87141
1853,2023-05-09 01:20:59,0.87125,0.8714
1854,2023-05-09 01:21:00,0.871255,0.871405
1856,2023-05-09 01:21:01,0.87127,0.87142
1857,2023-05-09 01:21:09,0.87126,0.87141
1858,2023-05-09 01:21:17,0.87127,0.87142
1859,2023-05-09 01:21:19,0.87128,0.87143
1860,2023-05-09 01:21:21,0.87127,0.87142
1861,2023-05-09 01:21:23,0.87128,0.87143
1862,2023-05-09 01:21:25,0.87129,0.87144
1863,2023-05-09 01:21:27,0.87128,0.87143
1864,2023-05-09 01:21:31,0.87127,0.87142
1865,2023-05-09 01:21:34,0.87128,0.87143
1866,2023-05-09 01:22:00,0.87129,0.87144
1867,2023-05-09 01:22:04,0.87128,0.87143
1868,2023-05-09 01:22:11,0.871275,0.871425
1870,2023-05-09 01:22:15,0.87127,0.87142
1871,2023-05-09 01:22:20,0.8712850000000001,0.871435
1873,2023-05-09 01:23:00,0.87129,0.87144
1874,2023-05-09 01:23:01,0.8713,0.87145
1875,2023-05-09 01:23:02,0.87131,0.87146
1876,2023-05-09 01:23:07,0.8713,0.87145
1877,2023-05-09 01:23:09,0.87131,0.87146
1878,2023-05-09 01:23:16,0.8712949999999999,0.871445
1880,2023-05-09 01:23:19,0.871325,0.871475
1882,2023-05-09 01:23:21,0.87132,0.87147
1883,2023-05-09 01:23:32,0.87131,0.87146
1884,2023-05-09 01:23:33,0.87132,0.87147
1885,2023-05-09 01:23:39,0.87131,0.87146
1886,2023-05-09 01:23:41,0.8713,0.87145
1887,2023-05-09 01:23:49,0.87131,0.87146
1888,2023-05-09 01:23:50,0.87132,0.87147
1889,2023-05-09 01:23:52,0.87131,0.87146
1890,2023-05-09 01:24:00,0.87131,0.87146
1891,2023-05-09 01:24:05,0.871325,0.871475
1893,2023-05-09 01:24:06,0.871325,0.871475
1895,2023-05-09 01:24:17,0.87131,0.87146
1896,2023-05-09 01:24:34,0.87132,0.87147
1897,2023-05-09 01:24:36,0.87133,0.87148
1898,2023-05-09 01:24:41,0.87131,0.87146
1899,2023-05-09 01:24:45,0.87129,0.87144
1900,2023-05-09 01:24:46,0.87128,0.87143
1901,2023-05-09 01:24:48,0.87128,0.8714299999999999
1903,2023-05-09 01:24:49,0.87131,0.87146
1906,2023-05-09 01:24:58,0.87132,0.87147
1907,2023-05-09 01:25:00,0.871325,0.871475
1909,2023-05-09 01:25:02,0.87132,0.87147
1910,2023-05-09 01:25:08,0.871325,0.871475
1914,2023-05-09 01:25:11,0.87133,0.87148
1915,2023-05-09 01:25:15,0.871325,0.871475
1917,2023-05-09 01:25:16,0.87134,0.87149
1918,2023-05-09 01:25:18,0.87131,0.87146
1919,2023-05-09 01:25:19,0.87134,0.87149
1920,2023-05-09 01:25:32,0.871335,0.8714850000000001
1922,2023-05-09 01:25:35,0.87135,0.8715
1923,2023-05-09 01:25:36,0.87135,0.8715
1926,2023-05-09 01:25:48,0.87135,0.8715
1927,2023-05-09 01:25:50,0.87136,0.87151
1928,2023-05-09 01:25:52,0.87138,0.87153
1929,2023-05-09 01:25:53,0.87137,0.87152
1930,2023-05-09 01:26:00,0.87137,0.87152
1931,2023-05-09 01:26:01,0.87136,0.87151
1932,2023-05-09 01:26:03,0.87135,0.8715
1933,2023-05-09 01:26:17,0.87136,0.87151
1934,2023-05-09 01:26:18,0.87137,0.87152
1935,2023-05-09 01:26:19,0.87138,0.87153
1936,2023-05-09 01:26:21,0.87137,0.87152
1937,2023-05-09 01:26:32,0.87136,0.87151
1938,2023-05-09 01:26:46,0.87135,0.8715
1939,2023-05-09 01:26:53,0.871365,0.871515
1941,2023-05-09 01:26:54,0.871365,0.871515
1943,2023-05-09 01:26:56,0.871365,0.871515
1945,2023-05-09 01:26:58,0.87136,0.87151
1946,2023-05-09 01:27:00,0.871365,0.871515
1948,2023-05-09 01:27:01,0.87137,0.87152
1949,2023-05-09 01:27:02,0.87136,0.87151
1950,2023-05-09 01:27:07,0.8713599999999999,0.87151
1952,2023-05-09 01:27:09,0.871365,0.871515
1954,2023-05-09 01:27:14,0.87138,0.87153
1955,2023-05-09 01:27:19,0.87139,0.87154
1956,2023-05-09 01:27:23,0.87138,0.87153
1957,2023-05-09 01:27:24,0.8713850000000001,0.871535
1959,2023-05-09 01:27:33,0.87139,0.87154
1960,2023-05-09 01:27:34,0.87141,0.87156
1961,2023-05-09 01:27:35,0.8714,0.87155
1962,2023-05-09 01:27:38,0.87139,0.87154
1963,2023-05-09 01:27:39,0.87138,0.87153
1964,2023-05-09 01:27:40,0.87137,0.87152
1965,2023-05-09 01:27:44,0.87139,0.87154
1966,2023-05-09 01:27:47,0.87138,0.87153
1967,2023-05-09 01:27:48,0.87139,0.87154
1968,2023-05-09 01:28:00,0.87139,0.87154
1969,2023-05-09 01:28:11,0.8714,0.87155
1970,2023-05-09 01:28:13,0.8713949999999999,0.871545
1972,2023-05-09 01:28:14,0.8713949999999999,0.871545
1974,2023-05-09 01:28:15,0.87139,0.87154
1975,2023-05-09 01:28:16,0.8714,0.87155
1976,2023-05-09 01:28:17,0.8713949999999999,0.871545
1978,2023-05-09 01:28:18,0.87139,0.87154
1979,2023-05-09 01:28:19,0.87138,0.87153
1980,2023-05-09 01:28:27,0.871405,0.8715550000000001
1982,2023-05-09 01:28:55,0.871415,0.8715649999999999
1984,2023-05-09 01:28:58,0.87142,0.87157
1985,2023-05-09 01:29:01,0.871415,0.8715649999999999
1987,2023-05-09 01:29:12,0.87142,0.87157
1988,2023-05-09 01:29:13,0.871435,0.871585
1990,2023-05-09 01:29:14,0.87143,0.87158
1991,2023-05-09 01:29:16,0.87142,0.87157
1992,2023-05-09 01:29:18,0.87143,0.87158
1993,2023-05-09 01:29:23,0.871435,0.871585
1995,2023-05-09 01:29:24,0.87142,0.87157
1996,2023-05-09 01:29:25,0.87144,0.87159
1997,2023-05-09 01:29:26,0.871435,0.871585
1999,2023-05-09 01:29:28,0.87143,0.87158
2000,2023-05-09 01:29:31,0.87144,0.87159
2001,2023-05-09 01:29:32,0.871435,0.871585
2003,2023-05-09 01:29:33,0.87143,0.87158
2006,2023-05-09 01:29:34,0.87144,0.87159
2007,2023-05-09 01:29:35,0.871435,0.871585
2009,2023-05-09 01:29:38,0.871435,0.871585
2011,2023-05-09 01:29:39,0.871435,0.871585
2013,2023-05-09 01:29:47,0.871425,0.871575
2015,2023-05-09 01:29:50,0.87144,0.87159
2016,2023-05-09 01:29:54,0.871435,0.871585
2018,2023-05-09 01:29:57,0.87143,0.87158
2019,2023-05-09 01:30:00,0.87143,0.87158
2020,2023-05-09 01:30:01,0.87144,0.87159
2021,2023-05-09 01:30:04,0.871435,0.871585
2023,2023-05-09 01:30:07,0.87143,0.87158
2024,2023-05-09 01:30:08,0.87144,0.87159
2025,2023-05-09 01:30:10,0.87145,0.8716
2026,2023-05-09 01:30:11,0.87147,0.87162
2027,2023-05-09 01:30:12,0.87145,0.8716
2028,2023-05-09 01:30:14,0.871455,0.871605
2030,2023-05-09 01:30:15,0.87144,0.87159
2031,2023-05-09 01:30:16,0.87143,0.87158
2034,2023-05-09 01:30:17,0.87144,0.87159
2035,2023-05-09 01:30:29,0.87143,0.87158
2036,2023-05-09 01:30:43,0.87142,0.87157
2037,2023-05-09 01:30:44,0.87143,0.87158
2038,2023-05-09 01:30:46,0.87141,0.87156
2039,2023-05-09 01:30:47,0.8714,0.87155
2040,2023-05-09 01:30:48,0.87139,0.87154
2041,2023-05-09 01:30:50,0.8714,0.87155
2042,2023-05-09 01:30:54,0.87138,0.87153
2043,2023-05-09 01:30:56,0.87139,0.87154
2044,2023-05-09 01:30:57,0.8714,0.87155
2047,2023-05-09 01:31:00,0.8714,0.87155
2048,2023-05-09 01:31:01,0.87139,0.87154
2049,2023-05-09 01:31:02,0.8714,0.87155
2050,2023-05-09 01:31:04,0.87141,0.87156
2051,2023-05-09 01:31:05,0.871405,0.8715550000000001
2053,2023-05-09 01:31:06,0.8713850000000001,0.871535
2055,2023-05-09 01:31:09,0.87137,0.87152
2056,2023-05-09 01:31:10,0.87139,0.87154
2057,2023-05-09 01:31:11,0.87138,0.87153
2058,2023-05-09 01:31:12,0.871375,0.871525
2060,2023-05-09 01:31:13,0.87139,0.87154
2063,2023-05-09 01:31:18,0.871375,0.871525
2065,2023-05-09 01:31:20,0.8714,0.87155
2066,2023-05-09 01:31:22,0.87138,0.87153
2067,2023-05-09 01:31:23,0.87139,0.87154
2068,2023-05-09 01:31:32,0.871375,0.871525
2072,2023-05-09 01:31:38,0.87138,0.87153
2073,2023-05-09 01:31:43,0.87137,0.87152
2074,2023-05-09 01:31:44,0.871375,0.871525
2076,2023-05-09 01:31:53,0.87135,0.8715
2077,2023-05-09 01:31:54,0.87134,0.8714900000000001
2081,2023-05-09 01:31:56,0.87131,0.87146
2082,2023-05-09 01:31:59,0.87132,0.87147
2083,2023-05-09 01:32:00,0.87132,0.87147
2084,2023-05-09 01:32:02,0.87133,0.87148
2085,2023-05-09 01:32:06,0.87132,0.87147
2086,2023-05-09 01:32:26,0.87131,0.87146
2089,2023-05-09 01:32:28,0.87133,0.87148
2090,2023-05-09 01:32:33,0.871325,0.871475
2092,2023-05-09 01:32:36,0.87131,0.87146
2093,2023-05-09 01:32:42,0.87132,0.87147
2094,2023-05-09 01:33:00,0.87132,0.87147
2095,2023-05-09 01:33:04,0.87133,0.87148
2096,2023-05-09 01:33:10,0.87132,0.87147
2097,2023-05-09 01:33:11,0.87133,0.87148
2098,2023-05-09 01:33:12,0.871345,0.871495
2100,2023-05-09 01:33:16,0.8713500000000001,0.8714999999999999
2102,2023-05-09 01:33:17,0.87135,0.8715
2103,2023-05-09 01:33:19,0.87136,0.87151
2104,2023-05-09 01:33:20,0.871335,0.8714850000000001
2106,2023-05-09 01:33:21,0.87135,0.8715
2107,2023-05-09 01:33:23,0.871365,0.871515
2109,2023-05-09 01:33:24,0.87138,0.87153
2112,2023-05-09 01:33:28,0.871375,0.871525
2114,2023-05-09 01:33:30,0.87136,0.87151
2115,2023-05-09 01:33:48,0.87137,0.87152
2116,2023-05-09 01:33:49,0.87138,0.87153
2117,2023-05-09 01:33:51,0.87137,0.87152
2118,2023-05-09 01:33:54,0.87136,0.87151
2119,2023-05-09 01:33:56,0.87137,0.87152
2120,2023-05-09 01:34:01,0.87137,0.87152
2123,2023-05-09 01:34:02,0.87138,0.87153
2124,2023-05-09 01:34:13,0.87139,0.87154
2125,2023-05-09 01:34:20,0.8714,0.87155
2126,2023-05-09 01:34:21,0.87141,0.87156
2127,2023-05-09 01:34:23,0.87142,0.87157
2128,2023-05-09 01:34:24,0.8714,0.87155
2129,2023-05-09 01:34:27,0.87141,0.87156
2130,2023-05-09 01:34:28,0.87142,0.87157
2131,2023-05-09 01:34:37,0.87143,0.87158
2132,2023-05-09 01:34:41,0.87144,0.87159
2133,2023-05-09 01:34:43,0.871435,0.871585
2135,2023-05-09 01:34:53,0.87143,0.87158
2138,2023-05-09 01:34:56,0.87142,0.87157
2139,2023-05-09 01:34:59,0.87141,0.87156
2140,2023-05-09 01:35:00,0.871425,0.871575
2142,2023-05-09 01:35:01,0.87142,0.87157
2143,2023-05-09 01:35:02,0.87143,0.87158
2144,2023-05-09 01:35:03,0.87144,0.87159
2145,2023-05-09 01:35:11,0.87142,0.87157
2146,2023-05-09 01:35:13,0.87143,0.87158
2147,2023-05-09 01:35:14,0.87142,0.87157
2148,2023-05-09 01:35:16,0.87143,0.87158
2149,2023-05-09 01:35:19,0.87142,0.87157
2150,2023-05-09 01:35:25,0.87141,0.87156
2151,2023-05-09 01:35:28,0.87142,0.87157
2152,2023-05-09 01:35:32,0.87141,0.87156
2153,2023-05-09 01:35:34,0.87142,0.87157
2154,2023-05-09 01:35:36,0.87141,0.87156
2155,2023-05-09 01:35:46,0.871415,0.8715649999999999
2157,2023-05-09 01:35:48,0.87142,0.87157
2158,2023-05-09 01:35:53,0.87141,0.87156
2159,2023-05-09 01:36:00,0.87141,0.87156
2160,2023-05-09 01:36:01,0.871405,0.8715550000000001
2162,2023-05-09 01:36:11,0.871405,0.8715550000000001
2164,2023-05-09 01:36:14,0.8714,0.87155
2165,2023-05-09 01:36:16,0.87141,0.87156
2166,2023-05-09 01:36:22,0.87139,0.87154
2167,2023-05-09 01:36:26,0.8714,0.87155
2168,2023-05-09 01:36:32,0.87139,0.87154
2169,2023-05-09 01:36:36,0.87138,0.87153
2170,2023-05-09 01:36:37,0.87139,0.87154
2171,2023-05-09 01:36:44,0.87138,0.87153
2172,2023-05-09 01:36:45,0.87139,0.87154
2173,2023-05-09 01:36:49,0.87138,0.87153
2174,2023-05-09 01:36:50,0.87139,0.87154
2175,2023-05-09 01:36:52,0.87138,0.87153
2176,2023-05-09 01:36:53,0.87137,0.87152
2177,2023-05-09 01:36:56,0.87138,0.87153
2178,2023-05-09 01:37:00,0.8713850000000001,0.871535
2180,2023-05-09 01:37:02,0.87138,0.87153
2181,2023-05-09 01:37:05,0.87139,0.87154
2182,2023-05-09 01:37:09,0.8714,0.87155
2183,2023-05-09 01:37:13,0.871405,0.8715550000000001
2185,2023-05-09 01:37:44,0.87139,0.87154
2186,2023-05-09 01:37:46,0.87138,0.87153
2187,2023-05-09 01:37:47,0.871375,0.871525
2189,2023-05-09 01:37:50,0.87139,0.87154
2190,2023-05-09 01:37:51,0.87138,0.87153
2191,2023-05-09 01:37:58,0.87137,0.87152
2192,2023-05-09 01:38:00,0.871375,0.871525
2194,2023-05-09 01:38:05,0.871375,0.871525
2196,2023-05-09 01:38:17,0.8713949999999999,0.871545
2198,2023-05-09 01:38:19,0.87139,0.87154
2199,2023-05-09 01:38:21,0.8714,0.87155
2200,2023-05-09 01:38:30,0.87139,0.87154
2201,2023-05-09 01:38:33,0.8714,0.87155
2202,2023-05-09 01:38:38,0.8713850000000001,0.871535
2204,2023-05-09 01:38:39,0.87139,0.87154
2205,2023-05-09 01:38:40,0.87141,0.87156
2206,2023-05-09 01:38:42,0.871415,0.8715649999999999
2208,2023-05-09 01:38:43,0.87142,0.87157
2209,2023-05-09 01:38:57,0.87143,0.87158
2210,2023-05-09 01:38:58,0.87142,0.87157
2211,2023-05-09 01:39:00,0.87142,0.87157
2212,2023-05-09 01:39:05,0.87141,0.87156
2213,2023-05-09 01:39:10,0.8714,0.87155
2214,2023-05-09 01:39:12,0.87142,0.87157
2215,2023-05-09 01:39:14,0.87141,0.87156
2216,2023-05-09 01:39:19,0.87142,0.87157
2217,2023-05-09 01:39:21,0.871405,0.8715550000000001
2219,2023-05-09 01:39:22,0.87141,0.87156
2220,2023-05-09 01:39:27,0.87142,0.87157
2221,2023-05-09 01:39:30,0.87141,0.87156
2222,2023-05-09 01:39:46,0.8714,0.87155
2223,2023-05-09 01:39:48,0.87141,0.87156
2224,2023-05-09 01:39:51,0.8714,0.87155
2225,2023-05-09 01:40:00,0.8714,0.87155
2226,2023-05-09 01:40:01,0.87141,0.87156
2229,2023-05-09 01:40:04,0.8714,0.87155
2230,2023-05-09 01:40:11,0.87139,0.87154
2231,2023-05-09 01:40:22,0.8713949999999999,0.871545
2233,2023-05-09 01:40:35,0.87138,0.87153
2234,2023-05-09 01:40:43,0.87139,0.87154
2235,2023-05-09 01:40:50,0.87138,0.87153
2236,2023-05-09 01:40:59,0.87137,0.87152
2237,2023-05-09 01:41:00,0.871365,0.871515
2239,2023-05-09 01:41:02,0.871365,0.871515
2241,2023-05-09 01:41:06,0.87135,0.8715
2242,2023-05-09 01:41:10,0.87136,0.87151
2243,2023-05-09 01:41:11,0.87137,0.87152
2244,2023-05-09 01:41:12,0.871365,0.871515
2246,2023-05-09 01:41:13,0.87136,0.87151
2247,2023-05-09 01:41:15,0.87135,0.8715
2248,2023-05-09 01:41:17,0.87134,0.87149
2249,2023-05-09 01:41:20,0.87135,0.8715
2250,2023-05-09 01:41:30,0.87136,0.87151
2251,2023-05-09 01:41:34,0.87137,0.87152
2252,2023-05-09 01:41:35,0.87136,0.87151
2253,2023-05-09 01:41:36,0.87137,0.87152
2254,2023-05-09 01:41:38,0.87136,0.87151
2255,2023-05-09 01:41:39,0.87137,0.87152
2256,2023-05-09 01:41:42,0.871365,0.871515
2258,2023-05-09 01:41:44,0.87136,0.87151
2259,2023-05-09 01:41:50,0.87138,0.87153
2262,2023-05-09 01:41:51,0.87137,0.87152
2263,2023-05-09 01:41:52,0.87138,0.87153
2264,2023-05-09 01:41:55,0.87137,0.87152
2265,2023-05-09 01:41:57,0.87138,0.87153
2266,2023-05-09 01:41:59,0.87139,0.87154
2267,2023-05-09 01:42:00,0.87139,0.87154
2268,2023-05-09 01:42:01,0.87137,0.8715200000000001
2270,2023-05-09 01:42:02,0.87137,0.87152
2271,2023-05-09 01:42:03,0.87136,0.87151
2272,2023-05-09 01:42:04,0.87137,0.87152
2273,2023-05-09 01:42:11,0.87138,0.87153
2274,2023-05-09 01:42:12,0.87137,0.87152
2275,2023-05-09 01:42:16,0.87138,0.87153
2276,2023-05-09 01:42:17,0.87137,0.87152
2277,2023-05-09 01:42:18,0.87136,0.87151
2278,2023-05-09 01:42:19,0.87135,0.8715
2279,2023-05-09 01:42:20,0.87136,0.87151
2280,2023-05-09 01:42:22,0.87137,0.87152
2281,2023-05-09 01:42:28,0.87136,0.87151
2282,2023-05-09 01:42:30,0.87137,0.87152
2283,2023-05-09 01:42:35,0.87136,0.87151
2284,2023-05-09 01:42:40,0.87137,0.87152
2285,2023-05-09 01:42:44,0.87136,0.87151
2286,2023-05-09 01:42:47,0.87135,0.8715
2287,2023-05-09 01:42:48,0.871365,0.871515
2289,2023-05-09 01:42:49,0.87138,0.87153
2290,2023-05-09 01:42:52,0.87137,0.87152
2291,2023-05-09 01:43:00,0.87137,0.87152
2292,2023-05-09 01:43:01,0.871355,0.871505
2294,2023-05-09 01:43:05,0.87137,0.87152
2295,2023-05-09 01:43:08,0.87136,0.87151
2296,2023-05-09 01:43:23,0.87137,0.87152
2297,2023-05-09 01:43:27,0.871375,0.871525
2299,2023-05-09 01:43:28,0.87138,0.87153
2300,2023-05-09 01:43:29,0.87139,0.87154
2301,2023-05-09 01:43:30,0.8714,0.87155
2302,2023-05-09 01:43:31,0.871405,0.8715550000000001
2304,2023-05-09 01:43:34,0.87141,0.87156
2305,2023-05-09 01:43:35,0.8714,0.87155
2306,2023-05-09 01:43:37,0.87141,0.87156
2307,2023-05-09 01:43:40,0.8713850000000001,0.871535
2309,2023-05-09 01:43:41,0.871375,0.871525
2311,2023-05-09 01:43:42,0.87139,0.87154
2312,2023-05-09 01:43:48,0.87138,0.87153
2313,2023-05-09 01:43:51,0.8713850000000001,0.871535
2315,2023-05-09 01:43:52,0.87139,0.87154
2316,2023-05-09 01:43:55,0.8714,0.87155
2317,2023-05-09 01:43:58,0.87139,0.87154
2318,2023-05-09 01:44:00,0.87139,0.87154
2319,2023-05-09 01:44:01,0.871405,0.8715550000000001
2321,2023-05-09 01:44:04,0.8714,0.87155
2322,2023-05-09 01:44:06,0.87139,0.87154
2323,2023-05-09 01:44:09,0.87138,0.87153
2324,2023-05-09 01:44:10,0.87139,0.87154
2325,2023-05-09 01:44:29,0.87138,0.87153
2326,2023-05-09 01:44:37,0.87139,0.87154
2327,2023-05-09 01:44:40,0.8713850000000001,0.871535
2329,2023-05-09 01:44:46,0.87138,0.87153
2330,2023-05-09 01:44:52,0.8714,0.87155
2331,2023-05-09 01:44:56,0.87141,0.87156
2332,2023-05-09 01:45:00,0.87141,0.87156
2333,2023-05-09 01:45:04,0.87142,0.87157
2336,2023-05-09 01:45:13,0.87143,0.87158
2337,2023-05-09 01:45:17,0.87142,0.87157
2338,2023-05-09 01:45:18,0.87141,0.87156
2339,2023-05-09 01:45:29,0.8713949999999999,0.871545
2341,2023-05-09 01:45:31,0.8714,0.87155
2342,2023-05-09 01:45:32,0.87139,0.87154
2343,2023-05-09 01:45:33,0.8714,0.87155
2344,2023-05-09 01:45:36,0.87139,0.87154
2345,2023-05-09 01:45:46,0.87138,0.87153
2346,2023-05-09 01:45:49,0.87139,0.87154
2347,2023-05-09 01:45:50,0.87138,0.87153
2348,2023-05-09 01:45:58,0.8713949999999999,0.871545
2350,2023-05-09 01:46:00,0.871375,0.871525
2352,2023-05-09 01:46:05,0.87138,0.87153
2353,2023-05-09 01:46:12,0.8713949999999999,0.871545
2355,2023-05-09 01:46:13,0.87139,0.87154
2356,2023-05-09 01:46:14,0.87137,0.8715200000000001
2358,2023-05-09 01:46:15,0.87135,0.8715
2359,2023-05-09 01:46:18,0.87134,0.87149
2360,2023-05-09 01:46:20,0.87135,0.8715
2361,2023-05-09 01:46:26,0.87136,0.87151
2362,2023-05-09 01:46:27,0.871375,0.871525
2364,2023-05-09 01:46:29,0.87139,0.87154
2367,2023-05-09 01:46:37,0.87138,0.87153
2368,2023-05-09 01:46:43,0.87139,0.87154
2369,2023-05-09 01:46:47,0.87138,0.87153
2370,2023-05-09 01:46:49,0.87137,0.87152
2371,2023-05-09 01:46:50,0.87139,0.87154
2373,2023-05-09 01:46:51,0.87139,0.87154
2374,2023-05-09 01:46:52,0.8714,0.87155
2375,2023-05-09 01:46:58,0.87141,0.87156
2376,2023-05-09 01:47:00,0.871415,0.8715649999999999
2378,2023-05-09 01:47:01,0.87141,0.87156
2379,2023-05-09 01:47:02,0.8714,0.87155
2380,2023-05-09 01:47:03,0.87139,0.87154
2381,2023-05-09 01:47:09,0.871405,0.8715550000000001
2383,2023-05-09 01:47:15,0.8714,0.87155
2387,2023-05-09 01:47:21,0.87141,0.87156
2388,2023-05-09 01:47:25,0.8714,0.87155
2389,2023-05-09 01:47:27,0.87139,0.87154
2390,2023-05-09 01:47:28,0.87138,0.87153
2391,2023-05-09 01:47:30,0.8713949999999999,0.871545
2393,2023-05-09 01:47:31,0.87139,0.87154
2394,2023-05-09 01:47:34,0.8714,0.87155
2395,2023-05-09 01:47:37,0.87138,0.87153
2396,2023-05-09 01:47:50,0.87137,0.87152
2397,2023-05-09 01:47:53,0.8713850000000001,0.871535
2399,2023-05-09 01:47:55,0.8714,0.87155
2400,2023-05-09 01:47:57,0.8713850000000001,0.871535
2402,2023-05-09 01:48:00,0.87139,0.87154
2403,2023-05-09 01:48:12,0.8714,0.87155
2404,2023-05-09 01:48:14,0.87139,0.87154
2405,2023-05-09 01:48:17,0.8714,0.87155
2406,2023-05-09 01:48:35,0.87139,0.87154
2407,2023-05-09 01:48:37,0.87138,0.87153
2408,2023-05-09 01:48:43,0.87139,0.87154
2409,2023-05-09 01:48:47,0.87138,0.87153
2410,2023-05-09 01:48:52,0.87137,0.87152
2411,2023-05-09 01:49:00,0.87137,0.87152
2412,2023-05-09 01:49:15,0.87138,0.87153
2413,2023-05-09 01:49:18,0.87137,0.87152
2414,2023-05-09 01:49:19,0.87136,0.87151
2415,2023-05-09 01:49:20,0.87135,0.8715
2416,2023-05-09 01:49:21,0.87136,0.87151
2417,2023-05-09 01:49:22,0.87135,0.8715
2418,2023-05-09 01:49:23,0.87136,0.87151
2419,2023-05-09 01:49:30,0.871355,0.871505
2421,2023-05-09 01:49:36,0.871355,0.871505
2423,2023-05-09 01:49:37,0.87137,0.87152
2424,2023-05-09 01:49:39,0.871375,0.871525
2426,2023-05-09 01:49:45,0.87136,0.87151
2427,2023-05-09 01:49:47,0.87135,0.8715
2428,2023-05-09 01:49:52,0.87134,0.87149
2429,2023-05-09 01:49:55,0.871345,0.871495
2431,2023-05-09 01:49:56,0.87133,0.87148
2432,2023-05-09 01:49:57,0.87132,0.87147
2433,2023-05-09 01:49:58,0.871345,0.871495
2435,2023-05-09 01:49:59,0.87135,0.8715
2436,2023-05-09 01:50:00,0.87134,0.8714900000000001
2438,2023-05-09 01:50:03,0.87134,0.87149
2439,2023-05-09 01:50:11,0.87133,0.87148
2440,2023-05-09 01:50:15,0.87134,0.87149
2441,2023-05-09 01:50:16,0.87133,0.87148
2442,2023-05-09 01:50:19,0.87134,0.87149
2443,2023-05-09 01:50:32,0.87135,0.8715
2444,2023-05-09 01:50:52,0.87137,0.87152
2445,2023-05-09 01:50:54,0.87138,0.87153
2446,2023-05-09 01:51:00,0.87138,0.87153
2447,2023-05-09 01:51:01,0.871405,0.8715550000000001
2449,2023-05-09 01:51:02,0.8714,0.87155
2450,2023-05-09 01:51:03,0.87141,0.87156
2451,2023-05-09 01:51:12,0.8714,0.87155
2452,2023-05-09 01:51:17,0.8714,0.87155
2455,2023-05-09 01:51:31,0.8713949999999999,0.871545
2457,2023-05-09 01:51:42,0.8714,0.87155
2458,2023-05-09 01:52:00,0.8714,0.87155
2459,2023-05-09 01:52:29,0.87141,0.87156
2460,2023-05-09 01:52:30,0.871405,0.8715550000000001
2462,2023-05-09 01:52:35,0.8714,0.87155
2463,2023-05-09 01:52:38,0.87141,0.87156
2464,2023-05-09 01:52:51,0.8714,0.87155
2465,2023-05-09 01:52:53,0.87138,0.87153
2466,2023-05-09 01:52:56,0.87139,0.87154
2467,2023-05-09 01:52:57,0.8713850000000001,0.871535
2469,2023-05-09 01:52:58,0.8714,0.87155
2470,2023-05-09 01:53:00,0.8713949999999999,0.871545
2472,2023-05-09 01:53:13,0.87138,0.87153
2475,2023-05-09 01:53:19,0.87138,0.87153
2478,2023-05-09 01:53:23,0.87137,0.87152
2479,2023-05-09 01:53:25,0.87138,0.87153
2480,2023-05-09 01:53:26,0.8713599999999999,0.87151
2482,2023-05-09 01:53:27,0.87136,0.87151
2483,2023-05-09 01:53:30,0.87135,0.8715
2484,2023-05-09 01:53:32,0.871355,0.871505
2486,2023-05-09 01:53:36,0.87134,0.87149
2487,2023-05-09 01:53:38,0.87133,0.87148
2488,2023-05-09 01:53:40,0.87134,0.87149
2489,2023-05-09 01:53:41,0.87135,0.8715
2490,2023-05-09 01:53:45,0.871335,0.8714850000000001
2492,2023-05-09 01:53:46,0.871325,0.871475
2494,2023-05-09 01:53:47,0.87133,0.87148
2495,2023-05-09 01:53:49,0.8713299999999999,0.87148
2497,2023-05-09 01:53:50,0.87133,0.87148
2498,2023-05-09 01:53:51,0.87134,0.87149
2499,2023-05-09 01:53:54,0.87133,0.87148
2500,2023-05-09 01:53:56,0.871335,0.8714850000000001
2502,2023-05-09 01:54:00,0.87133,0.87148
2503,2023-05-09 01:54:01,0.87132,0.87147
2504,2023-05-09 01:54:02,0.87133,0.87148
2505,2023-05-09 01:54:03,0.87132,0.87147
2506,2023-05-09 01:54:05,0.87131,0.87146
2507,2023-05-09 01:54:08,0.8713,0.87145
2508,2023-05-09 01:54:13,0.87131,0.87146
2509,2023-05-09 01:54:15,0.87132,0.87147
2510,2023-05-09 01:54:16,0.87133,0.87148
2511,2023-05-09 01:54:19,0.8713150000000001,0.8714649999999999
2513,2023-05-09 01:54:20,0.8713,0.87145
2514,2023-05-09 01:54:23,0.87129,0.87144
2517,2023-05-09 01:54:24,0.8712850000000001,0.871435
2519,2023-05-09 01:54:25,0.8713,0.87145
2522,2023-05-09 01:54:26,0.87131,0.87146
2523,2023-05-09 01:54:29,0.87134,0.87149
2524,2023-05-09 01:54:30,0.87135,0.8715
2525,2023-05-09 01:54:32,0.87136,0.87151
2526,2023-05-09 01:54:33,0.87137,0.87152
2527,2023-05-09 01:54:35,0.87136,0.87151
2528,2023-05-09 01:54:38,0.87135,0.8715
2529,2023-05-09 01:54:42,0.87136,0.87151
2530,2023-05-09 01:54:50,0.87137,0.87152
2531,2023-05-09 01:54:51,0.87138,0.87153
2532,2023-05-09 01:54:54,0.87137,0.87152
2533,2023-05-09 01:54:59,0.87138,0.87153
2534,2023-05-09 01:55:00,0.87138,0.87153
2535,2023-05-09 01:55:05,0.87137,0.87152
2536,2023-05-09 01:55:06,0.87138,0.87153
2537,2023-05-09 01:55:07,0.87137,0.87152
2538,2023-05-09 01:55:10,0.87136,0.87151
2539,2023-05-09 01:55:14,0.87135,0.8715
2540,2023-05-09 01:55:23,0.871345,0.871495
2542,2023-05-09 01:55:27,0.87134,0.87149
2543,2023-05-09 01:55:28,0.87136,0.87151
2544,2023-05-09 01:55:30,0.871345,0.871495
2546,2023-05-09 01:55:31,0.87136,0.87151
2547,2023-05-09 01:55:33,0.871345,0.871495
2549,2023-05-09 01:55:37,0.87133,0.87148
2550,2023-05-09 01:55:38,0.87134,0.87149
2551,2023-05-09 01:55:39,0.87136,0.87151
2554,2023-05-09 01:55:42,0.871355,0.871505
2556,2023-05-09 01:55:48,0.87137,0.87152
2557,2023-05-09 01:55:49,0.871355,0.871505
2559,2023-05-09 01:55:50,0.87136,0.87151
2562,2023-05-09 01:55:51,0.87138,0.87153
2565,2023-05-09 01:55:52,0.87139,0.87154
2566,2023-05-09 01:55:53,0.87138,0.87153
2567,2023-05-09 01:55:59,0.87139,0.87154
2568,2023-05-09 01:56:00,0.8713850000000001,0.871535
2570,2023-05-09 01:56:02,0.87138,0.87153
2571,2023-05-09 01:56:06,0.87138,0.8715299999999999
2573,2023-05-09 01:56:12,0.87136,0.87151
2574,2023-05-09 01:56:15,0.87137,0.87152
2575,2023-05-09 01:56:16,0.87138,0.87153
2576,2023-05-09 01:56:18,0.87139,0.87154
2577,2023-05-09 01:56:20,0.87138,0.87153
2578,2023-05-09 01:56:23,0.87137,0.87152
2579,2023-05-09 01:56:28,0.87138,0.87153
2580,2023-05-09 01:56:33,0.87139,0.87154
2581,2023-05-09 01:56:36,0.8714,0.87155
2582,2023-05-09 01:56:40,0.87139,0.87154
2583,2023-05-09 01:56:41,0.8713850000000001,0.871535
2585,2023-05-09 01:56:43,0.8714,0.87155
2586,2023-05-09 01:56:44,0.87139,0.87154
2587,2023-05-09 01:56:46,0.87138,0.87153
2588,2023-05-09 01:56:51,0.8713949999999999,0.871545
2590,2023-05-09 01:56:53,0.8714,0.87155
2591,2023-05-09 01:56:55,0.87141,0.87156
2592,2023-05-09 01:57:00,0.87141,0.87156
2593,2023-05-09 01:57:05,0.8714,0.87155
2594,2023-05-09 01:57:08,0.8713949999999999,0.871545
2596,2023-05-09 01:57:10,0.87139,0.87154
2597,2023-05-09 01:57:12,0.87137,0.8715200000000001
2599,2023-05-09 01:57:14,0.87138,0.87153
2600,2023-05-09 01:57:16,0.87137,0.87152
2601,2023-05-09 01:57:17,0.87136,0.87151
2602,2023-05-09 01:57:18,0.87138,0.87153
2603,2023-05-09 01:57:19,0.87139,0.87154
2604,2023-05-09 01:57:22,0.87138,0.87153
2605,2023-05-09 01:57:23,0.87137,0.87152
2606,2023-05-09 01:57:24,0.87136,0.87151
2607,2023-05-09 01:57:27,0.87135,0.8715
2608,2023-05-09 01:57:30,0.87136,0.87151
2609,2023-05-09 01:57:35,0.87137,0.87152
2610,2023-05-09 01:57:45,0.87136,0.87151
2611,2023-05-09 01:57:54,0.87135,0.8715
2612,2023-05-09 01:57:55,0.87136,0.87151
2613,2023-05-09 01:57:59,0.87137,0.87152
2614,2023-05-09 01:58:00,0.87137,0.87152
2615,2023-05-09 01:58:01,0.871375,0.871525
2617,2023-05-09 01:58:09,0.87138,0.87153
2618,2023-05-09 01:58:16,0.87137,0.87152
2619,2023-05-09 01:58:19,0.87136,0.87151
2620,2023-05-09 01:58:20,0.87137,0.87152
2621,2023-05-09 01:58:54,0.87138,0.87153
2622,2023-05-09 01:58:57,0.87139,0.87154
2623,2023-05-09 01:59:00,0.87139,0.87154
2624,2023-05-09 01:59:01,0.8714,0.87155
2625,2023-05-09 01:59:14,0.8713949999999999,0.871545
2627,2023-05-09 01:59:42,0.87139,0.87154
2628,2023-05-09 01:59:43,0.8714,0.87155
2629,2023-05-09 01:59:44,0.87139,0.87154
2630,2023-05-09 01:59:45,0.871375,0.871525
2632,2023-05-09 01:59:49,0.87139,0.87154
2633,2023-05-09 01:59:50,0.87138,0.87153
2634,2023-05-09 01:59:51,0.87139,0.87154
2635,2023-05-09 02:00:00,0.87139,0.87154
2636,2023-05-09 02:00:02,0.87138,0.87153
2637,2023-05-09 02:00:03,0.87139,0.87154
2638,2023-05-09 02:00:04,0.8714,0.87155
2639,2023-05-09 02:00:07,0.8713850000000001,0.871535
2641,2023-05-09 02:00:08,0.871365,0.871515
2643,2023-05-09 02:00:09,0.87137,0.87152
2644,2023-05-09 02:00:20,0.87136,0.87151
2645,2023-05-09 02:00:26,0.87137,0.87152
2646,2023-05-09 02:00:29,0.87138,0.87153
2647,2023-05-09 02:00:34,0.87137,0.87152
2648,2023-05-09 02:00:36,0.87138,0.87153
2649,2023-05-09 02:00:38,0.87137,0.87152
2650,2023-05-09 02:00:45,0.87138,0.87153
2651,2023-05-09 02:00:46,0.87137,0.87152
2652,2023-05-09 02:00:53,0.87138,0.87153
2653,2023-05-09 02:00:54,0.87137,0.87152
2654,2023-05-09 02:01:00,0.87137,0.87152
2655,2023-05-09 02:01:01,0.87136,0.87151
2656,2023-05-09 02:01:03,0.87135,0.8715
2657,2023-05-09 02:01:04,0.87137,0.8715200000000001
2659,2023-05-09 02:01:07,0.87137,0.87152
2662,2023-05-09 02:01:47,0.87136,0.87151
2663,2023-05-09 02:01:53,0.87137,0.87152
2664,2023-05-09 02:01:54,0.87136,0.87151
2665,2023-05-09 02:01:57,0.87137,0.87152
2666,2023-05-09 02:01:59,0.87138,0.87153
2667,2023-05-09 02:02:00,0.87138,0.87153
2668,2023-05-09 02:02:05,0.87137,0.87152
2669,2023-05-09 02:02:20,0.87136,0.87151
2670,2023-05-09 02:02:28,0.87135,0.8715
2671,2023-05-09 02:02:30,0.87136,0.87151
2672,2023-05-09 02:02:31,0.87137,0.87152
2673,2023-05-09 02:02:36,0.87138,0.87153
2674,2023-05-09 02:02:52,0.87139,0.87154
2675,2023-05-09 02:02:59,0.87138,0.87153
2676,2023-05-09 02:03:00,0.87137,0.87152
2677,2023-05-09 02:03:04,0.87138,0.87153
2678,2023-05-09 02:03:06,0.87137,0.87152
2679,2023-05-09 02:03:33,0.87136,0.87151
2680,2023-05-09 02:03:52,0.87135,0.8715
2681,2023-05-09 02:03:54,0.87136,0.87151
2682,2023-05-09 02:03:56,0.87137,0.87152
2683,2023-05-09 02:04:01,0.87137,0.87152
2684,2023-05-09 02:04:13,0.87136,0.87151
2685,2023-05-09 02:04:14,0.87137,0.87152
2686,2023-05-09 02:04:17,0.87141,0.87156
2687,2023-05-09 02:04:20,0.8714,0.87155
2688,2023-05-09 02:04:26,0.87141,0.87156
2689,2023-05-09 02:04:28,0.8714,0.87155
2690,2023-05-09 02:04:29,0.87141,0.87156
2691,2023-05-09 02:04:45,0.87142,0.87157
2692,2023-05-09 02:05:00,0.87142,0.87157
2693,2023-05-09 02:05:31,0.87141,0.87156
2694,2023-05-09 02:05:33,0.8714,0.87155
2695,2023-05-09 02:05:38,0.87141,0.87156
2696,2023-05-09 02:05:50,0.8714,0.87155
2697,2023-05-09 02:05:53,0.87141,0.87156
2698,2023-05-09 02:06:00,0.87141,0.87156
2699,2023-05-09 02:06:19,0.8714,0.87155
2700,2023-05-09 02:06:37,0.87141,0.87156
2701,2023-05-09 02:06:38,0.8714,0.87155
2702,2023-05-09 02:06:50,0.87141,0.87156
2703,2023-05-09 02:06:51,0.87142,0.87157
2704,2023-05-09 02:07:00,0.87142,0.87157
2705,2023-05-09 02:07:18,0.8714,0.87155
2706,2023-05-09 02:07:19,0.87141,0.87156
2707,2023-05-09 02:07:28,0.87142,0.87157
2708,2023-05-09 02:07:31,0.87143,0.87158
2709,2023-05-09 02:07:35,0.87142,0.87157
2710,2023-05-09 02:07:37,0.87143,0.87158
2711,2023-05-09 02:07:39,0.87144,0.87159
2712,2023-05-09 02:07:53,0.87146,0.87161
2713,2023-05-09 02:07:57,0.87147,0.87162
2714,2023-05-09 02:08:00,0.87146,0.87161
2715,2023-05-09 02:08:01,0.87147,0.87162
2716,2023-05-09 02:08:02,0.87146,0.87161
2717,2023-05-09 02:08:06,0.87145,0.8716
2718,2023-05-09 02:08:10,0.87146,0.87161
2719,2023-05-09 02:08:11,0.87147,0.87162
2720,2023-05-09 02:08:16,0.87146,0.87161
2721,2023-05-09 02:08:21,0.8714649999999999,0.871615
2723,2023-05-09 02:08:22,0.871475,0.871625
2725,2023-05-09 02:08:27,0.87148,0.87163
2726,2023-05-09 02:08:29,0.87149,0.87164
2727,2023-05-09 02:08:35,0.87147,0.87162
2728,2023-05-09 02:08:37,0.87146,0.87161
2729,2023-05-09 02:08:41,0.87144,0.87159
2730,2023-05-09 02:08:45,0.87146,0.87161
2731,2023-05-09 02:08:49,0.87145,0.8716
2732,2023-05-09 02:08:56,0.87144,0.87159
2733,2023-05-09 02:09:00,0.87144,0.87159
2734,2023-05-09 02:09:02,0.87145,0.8716
2735,2023-05-09 02:09:03,0.8714200000000001,0.87157
2737,2023-05-09 02:09:10,0.8714,0.87155
2738,2023-05-09 02:09:12,0.87141,0.87156
2739,2023-05-09 02:09:23,0.8714,0.87155
2740,2023-05-09 02:09:24,0.87139,0.87154
2741,2023-05-09 02:09:30,0.87138,0.87153
2742,2023-05-09 02:09:32,0.87139,0.87154
2744,2023-05-09 02:09:38,0.8714,0.87155
2745,2023-05-09 02:09:41,0.87139,0.87154
2746,2023-05-09 02:09:43,0.871375,0.871525
2748,2023-05-09 02:09:47,0.87138,0.87153
2749,2023-05-09 02:09:52,0.87137,0.87152
2750,2023-05-09 02:09:57,0.87138,0.87153
2751,2023-05-09 02:10:00,0.87138,0.87153
2752,2023-05-09 02:10:07,0.87137,0.87152
2753,2023-05-09 02:10:10,0.87136,0.87151
2754,2023-05-09 02:10:23,0.87137,0.87152
2755,2023-05-09 02:11:00,0.87137,0.87152
2756,2023-05-09 02:11:08,0.87138,0.87153
2757,2023-05-09 02:11:14,0.87139,0.87154
2758,2023-05-09 02:11:22,0.87138,0.87153
2761,2023-05-09 02:11:32,0.87136,0.87151
2762,2023-05-09 02:11:39,0.87135,0.8715
2763,2023-05-09 02:12:00,0.87135,0.8715
2764,2023-05-09 02:12:08,0.871335,0.8714850000000001
2766,2023-05-09 02:12:11,0.87132,0.87147
2767,2023-05-09 02:12:19,0.871335,0.8714850000000001
2769,2023-05-09 02:12:23,0.871345,0.871495
2771,2023-05-09 02:12:28,0.87134,0.87149
2772,2023-05-09 02:12:39,0.87135,0.8715
2775,2023-05-09 02:12:46,0.87134,0.87149
2776,2023-05-09 02:12:56,0.87135,0.8715
2777,2023-05-09 02:13:00,0.87135,0.8715
2780,2023-05-09 02:13:06,0.87134,0.87149
2781,2023-05-09 02:13:11,0.87135,0.8715
2782,2023-05-09 02:13:17,0.87136,0.87151
2783,2023-05-09 02:13:23,0.87135,0.8715
2784,2023-05-09 02:13:31,0.87136,0.87151
2785,2023-05-09 02:13:42,0.87135,0.8715
2786,2023-05-09 02:13:44,0.87134,0.87149
2787,2023-05-09 02:13:46,0.87136,0.87151
2788,2023-05-09 02:13:48,0.87135,0.8715
2789,2023-05-09 02:13:54,0.87134,0.87149
2790,2023-05-09 02:14:00,0.87135,0.8715
2791,2023-05-09 02:14:05,0.87134,0.87149
2792,2023-05-09 02:14:09,0.871335,0.8714850000000001
2794,2023-05-09 02:14:13,0.87135,0.8715
2795,2023-05-09 02:14:22,0.871335,0.8714850000000001
2797,2023-05-09 02:14:23,0.87136,0.87151
2798,2023-05-09 02:14:24,0.87135,0.8715
2799,2023-05-09 02:14:27,0.87136,0.87151
2802,2023-05-09 02:14:30,0.87135,0.8715
2803,2023-05-09 02:14:36,0.87136,0.87151
2804,2023-05-09 02:14:45,0.87137,0.87152
2805,2023-05-09 02:14:49,0.87136,0.87151
2806,2023-05-09 02:14:51,0.871355,0.871505
2808,2023-05-09 02:14:57,0.87133,0.87148
2809,2023-05-09 02:15:00,0.87134,0.87149
2810,2023-05-09 02:15:02,0.87133,0.87148
2811,2023-05-09 02:15:04,0.87134,0.87149
2812,2023-05-09 02:15:23,0.871345,0.871495
2814,2023-05-09 02:15:28,0.87133,0.87148
2815,2023-05-09 02:15:32,0.87132,0.87147
2816,2023-05-09 02:15:34,0.87133,0.87148
2817,2023-05-09 02:15:36,0.87132,0.87147
2818,2023-05-09 02:15:39,0.87133,0.87148
2819,2023-05-09 02:15:46,0.87134,0.87149
2820,2023-05-09 02:16:01,0.87134,0.87149
2821,2023-05-09 02:16:11,0.871345,0.871495
2823,2023-05-09 02:16:17,0.87135,0.8715
2824,2023-05-09 02:16:20,0.87134,0.87149
2825,2023-05-09 02:16:25,0.87135,0.8715
2826,2023-05-09 02:16:26,0.87122,0.87137
2829,2023-05-09 02:16:27,0.8712150000000001,0.871365
2831,2023-05-09 02:16:29,0.87123,0.87138
2832,2023-05-09 02:16:30,0.8712150000000001,0.871365
2834,2023-05-09 02:16:40,0.87122,0.87137
2836,2023-05-09 02:16:45,0.8712150000000001,0.871365
2838,2023-05-09 02:16:59,0.87122,0.87137
2839,2023-05-09 02:17:00,0.87121,0.8713599999999999
2841,2023-05-09 02:17:01,0.87121,0.87136
2844,2023-05-09 02:17:02,0.87121,0.8713599999999999
2846,2023-05-09 02:17:04,0.87121,0.87136
2847,2023-05-09 02:17:07,0.8712,0.87135
2848,2023-05-09 02:17:11,0.87121,0.87136
2849,2023-05-09 02:17:20,0.87122,0.87137
2850,2023-05-09 02:17:26,0.87121,0.87136
2851,2023-05-09 02:17:33,0.8712249999999999,0.871375
2853,2023-05-09 02:17:34,0.87122,0.87137
2854,2023-05-09 02:17:36,0.87121,0.87136
2855,2023-05-09 02:17:44,0.87122,0.87137
2856,2023-05-09 02:17:48,0.8712249999999999,0.871375
2858,2023-05-09 02:17:49,0.8712,0.8713500000000001
2860,2023-05-09 02:17:50,0.871165,0.8713150000000001
2862,2023-05-09 02:17:52,0.87117,0.87132
2863,2023-05-09 02:17:54,0.87118,0.87133
2866,2023-05-09 02:17:56,0.87118,0.87133
2867,2023-05-09 02:18:00,0.87118,0.87133
2868,2023-05-09 02:18:02,0.87119,0.87134
2869,2023-05-09 02:18:03,0.87118,0.87133
2870,2023-05-09 02:18:07,0.871185,0.871335
2872,2023-05-09 02:18:19,0.871175,0.871325
2874,2023-05-09 02:18:25,0.8711949999999999,0.871345
2876,2023-05-09 02:18:27,0.8712,0.87135
2877,2023-05-09 02:18:31,0.871185,0.871335
2879,2023-05-09 02:18:32,0.87119,0.87134
2880,2023-05-09 02:18:46,0.8712,0.87135
2881,2023-05-09 02:18:48,0.8711949999999999,0.871345
2883,2023-05-09 02:18:49,0.8711949999999999,0.871345
2885,2023-05-09 02:18:51,0.87121,0.87136
2886,2023-05-09 02:18:52,0.87122,0.87137
2887,2023-05-09 02:18:53,0.8712150000000001,0.871365
2889,2023-05-09 02:18:54,0.87121,0.87136
2890,2023-05-09 02:18:55,0.87122,0.87137
2891,2023-05-09 02:18:58,0.8712249999999999,0.871375
2893,2023-05-09 02:19:01,0.87123,0.87138
2894,2023-05-09 02:19:03,0.87122,0.87137
2895,2023-05-09 02:19:04,0.87121,0.87136
2896,2023-05-09 02:19:06,0.87122,0.87137
2897,2023-05-09 02:19:07,0.8712249999999999,0.871375
2899,2023-05-09 02:19:10,0.87121,0.87136
2900,2023-05-09 02:19:11,0.871205,0.871355
2902,2023-05-09 02:19:12,0.8712,0.87135
2903,2023-05-09 02:19:24,0.87121,0.87136
2906,2023-05-09 02:19:27,0.8712,0.87135
2907,2023-05-09 02:19:35,0.87119,0.87134
2908,2023-05-09 02:19:36,0.8712,0.87135
2909,2023-05-09 02:19:37,0.87119,0.87134
2910,2023-05-09 02:19:38,0.8712,0.87135
2911,2023-05-09 02:19:49,0.87119,0.87134
2912,2023-05-09 02:19:53,0.8712,0.87135
2913,2023-05-09 02:19:56,0.87119,0.87134
2914,2023-05-09 02:20:00,0.87118,0.87133
2915,2023-05-09 02:20:05,0.87119,0.87134
2916,2023-05-09 02:20:06,0.871185,0.871335
2918,2023-05-09 02:20:21,0.871205,0.871355
2920,2023-05-09 02:20:26,0.8712,0.87135
2921,2023-05-09 02:20:47,0.87119,0.87134
2922,2023-05-09 02:20:59,0.87118,0.87133
2923,2023-05-09 02:21:00,0.87118,0.87133
2924,2023-05-09 02:21:47,0.8712,0.87135
2925,2023-05-09 02:21:59,0.87122,0.87137
2928,2023-05-09 02:22:01,0.87122,0.87137
2929,2023-05-09 02:22:03,0.87123,0.87138
2930,2023-05-09 02:22:05,0.87124,0.87139
2931,2023-05-09 02:22:21,0.87123,0.87138
2932,2023-05-09 02:22:26,0.87122,0.87137
2933,2023-05-09 02:22:37,0.87123,0.87138
2934,2023-05-09 02:22:48,0.87122,0.87137
2935,2023-05-09 02:22:53,0.87121,0.87136
2936,2023-05-09 02:22:59,0.87122,0.87137
2937,2023-05-09 02:23:00,0.87122,0.87137
2938,2023-05-09 02:23:03,0.87121,0.87136
2939,2023-05-09 02:23:15,0.87122,0.87137
2942,2023-05-09 02:23:18,0.87121,0.87136
2943,2023-05-09 02:23:28,0.87122,0.87137
2944,2023-05-09 02:23:36,0.87121,0.87136
2945,2023-05-09 02:23:37,0.87122,0.87137
2946,2023-05-09 02:23:43,0.87123,0.87138
2947,2023-05-09 02:23:48,0.87121,0.87136
2948,2023-05-09 02:24:00,0.87121,0.87136
2949,2023-05-09 02:24:02,0.87122,0.87137
2950,2023-05-09 02:24:07,0.87123,0.87138
2951,2023-05-09 02:24:09,0.8712150000000001,0.871365
2953,2023-05-09 02:24:36,0.8712,0.87135
2954,2023-05-09 02:24:56,0.87121,0.87136
2955,2023-05-09 02:24:58,0.8712,0.87135
2956,2023-05-09 02:24:59,0.87121,0.87136
2957,2023-05-09 02:25:00,0.87121,0.87136
2958,2023-05-09 02:25:01,0.8712,0.87135
2959,2023-05-09 02:25:02,0.87121,0.87136
2960,2023-05-09 02:25:03,0.8712,0.87135
2961,2023-05-09 02:25:04,0.87121,0.87136
2962,2023-05-09 02:25:05,0.871205,0.871355
2964,2023-05-09 02:25:07,0.871205,0.871355
2966,2023-05-09 02:25:08,0.8712,0.87135
2967,2023-05-09 02:25:14,0.87121,0.87136
2968,2023-05-09 02:25:15,0.8712,0.87135
2969,2023-05-09 02:25:19,0.87121,0.87136
2970,2023-05-09 02:25:20,0.8712,0.87135
2971,2023-05-09 02:25:21,0.871205,0.871355
2973,2023-05-09 02:25:22,0.871205,0.871355
2975,2023-05-09 02:25:27,0.871205,0.871355
2977,2023-05-09 02:25:28,0.87121,0.87136
2978,2023-05-09 02:25:30,0.8712,0.87135
2979,2023-05-09 02:25:43,0.87119,0.87134
2980,2023-05-09 02:25:53,0.8712,0.87135
2981,2023-05-09 02:25:54,0.87121,0.87136
2982,2023-05-09 02:26:01,0.87121,0.87136
2983,2023-05-09 02:26:34,0.87122,0.87137
2984,2023-05-09 02:27:00,0.87122,0.87137
2985,2023-05-09 02:27:07,0.871205,0.871355
2987,2023-05-09 02:27:08,0.8712,0.87135
2988,2023-05-09 02:27:14,0.87119,0.87134
2989,2023-05-09 02:27:26,0.8712,0.87135
2990,2023-05-09 02:27:29,0.871205,0.871355
2992,2023-05-09 02:27:30,0.87121,0.87136
2993,2023-05-09 02:27:38,0.87122,0.87137
2994,2023-05-09 02:27:41,0.871205,0.871355
2996,2023-05-09 02:27:43,0.87122,0.87137
2999,2023-05-09 02:27:44,0.8712150000000001,0.871365
3001,2023-05-09 02:27:51,0.87121,0.87136
3002,2023-05-09 02:28:00,0.87121,0.87136
3003,2023-05-09 02:28:02,0.87121,0.8713599999999999
3005,2023-05-09 02:28:05,0.87123,0.87138
3006,2023-05-09 02:28:06,0.871235,0.8713850000000001
3008,2023-05-09 02:28:08,0.87124,0.87139
3009,2023-05-09 02:28:12,0.87123,0.87138
3010,2023-05-09 02:28:22,0.87122,0.87137
3011,2023-05-09 02:28:27,0.87121,0.87136
3012,2023-05-09 02:28:30,0.87123,0.87138
3013,2023-05-09 02:28:32,0.87122,0.87137
3014,2023-05-09 02:28:44,0.87123,0.87138
3015,2023-05-09 02:28:48,0.87124,0.87139
3016,2023-05-09 02:28:49,0.87122,0.87137
3017,2023-05-09 02:28:55,0.87123,0.87138
3018,2023-05-09 02:28:57,0.87122,0.87137
3019,2023-05-09 02:29:00,0.87122,0.87137
3020,2023-05-09 02:29:04,0.8712249999999999,0.871375
3022,2023-05-09 02:29:12,0.87123,0.87138
3023,2023-05-09 02:29:13,0.87124,0.87139
3024,2023-05-09 02:29:17,0.87123,0.87138
3025,2023-05-09 02:29:22,0.87121,0.87136
3026,2023-05-09 02:29:30,0.8711949999999999,0.871345
3028,2023-05-09 02:29:43,0.87118,0.87133
3029,2023-05-09 02:29:52,0.871175,0.871325
3031,2023-05-09 02:29:58,0.87119,0.87134
3032,2023-05-09 02:30:00,0.87119,0.87134
3033,2023-05-09 02:30:24,0.871205,0.871355
3035,2023-05-09 02:30:32,0.8712,0.87135
3036,2023-05-09 02:30:33,0.87121,0.87136
3037,2023-05-09 02:30:35,0.8712,0.87135
3038,2023-05-09 02:30:48,0.87121,0.87136
3039,2023-05-09 02:31:00,0.87121,0.87136
3040,2023-05-09 02:31:32,0.87122,0.87137
3041,2023-05-09 02:31:37,0.8712249999999999,0.871375
3043,2023-05-09 02:31:40,0.87122,0.87137
3046,2023-05-09 02:31:42,0.87121,0.87136
3047,2023-05-09 02:31:44,0.8712150000000001,0.871365
3049,2023-05-09 02:31:51,0.87122,0.87137
3050,2023-05-09 02:31:59,0.8712249999999999,0.871375
3052,2023-05-09 02:32:00,0.87122,0.87137
3053,2023-05-09 02:32:05,0.87121,0.87136
3054,2023-05-09 02:32:22,0.87122,0.87137
3057,2023-05-09 02:32:24,0.87123,0.87138
3058,2023-05-09 02:32:30,0.87122,0.87137
3059,2023-05-09 02:32:38,0.87123,0.87138
3060,2023-05-09 02:32:43,0.87121,0.87136
3061,2023-05-09 02:32:46,0.87122,0.87137
3062,2023-05-09 02:32:48,0.87121,0.87136
3063,2023-05-09 02:32:49,0.87123,0.87138
3064,2023-05-09 02:32:55,0.87122,0.87137
3065,2023-05-09 02:32:56,0.87123,0.87138
3066,2023-05-09 02:32:58,0.87123,0.87138
3068,2023-05-09 02:32:59,0.871235,0.8713850000000001
3070,2023-05-09 02:33:00,0.87123,0.87138
3071,2023-05-09 02:33:01,0.87122,0.87137
3072,2023-05-09 02:33:06,0.87123,0.87138
3073,2023-05-09 02:33:10,0.87125,0.8714
3074,2023-05-09 02:33:11,0.87127,0.87142
3075,2023-05-09 02:33:16,0.87128,0.87143
3076,2023-05-09 02:33:18,0.87129,0.87144
3077,2023-05-09 02:33:21,0.87128,0.87143
3078,2023-05-09 02:33:31,0.87127,0.87142
3079,2023-05-09 02:33:50,0.87127,0.8714200000000001
3081,2023-05-09 02:33:53,0.87125,0.8714
3082,2023-05-09 02:33:54,0.871245,0.8713949999999999
3084,2023-05-09 02:33:55,0.87126,0.87141
3085,2023-05-09 02:33:59,0.87125,0.8714
3086,2023-05-09 02:34:00,0.87126,0.87141
3087,2023-05-09 02:34:04,0.87128,0.87143
3088,2023-05-09 02:34:07,0.87127,0.87142
3089,2023-05-09 02:34:08,0.87126,0.87141
3090,2023-05-09 02:34:11,0.87127,0.87142
3091,2023-05-09 02:34:23,0.87125,0.8714
3092,2023-05-09 02:34:36,0.87126,0.87141
3093,2023-05-09 02:34:44,0.87125,0.8714
3094,2023-05-09 02:34:45,0.87126,0.87141
3095,2023-05-09 02:34:59,0.87127,0.87142
3096,2023-05-09 02:35:00,0.87127,0.87142
3097,2023-05-09 02:35:30,0.87128,0.87143
3098,2023-05-09 02:35:46,0.87129,0.87144
3099,2023-05-09 02:36:00,0.87129,0.87144
3102,2023-05-09 02:36:06,0.87128,0.87143
3103,2023-05-09 02:36:36,0.87129,0.87144
3104,2023-05-09 02:36:39,0.87128,0.87143
3107,2023-05-09 02:36:57,0.87129,0.87144
3108,2023-05-09 02:37:00,0.87129,0.87144
3109,2023-05-09 02:37:01,0.8713,0.87145
3110,2023-05-09 02:37:10,0.87129,0.87144
3111,2023-05-09 02:37:11,0.8712949999999999,0.871445
3113,2023-05-09 02:37:12,0.8713,0.87145
3114,2023-05-09 02:37:14,0.87128,0.87143
3115,2023-05-09 02:37:45,0.871275,0.871425
3117,2023-05-09 02:38:00,0.87128,0.87143
3118,2023-05-09 02:38:14,0.87127,0.87142
3119,2023-05-09 02:38:16,0.871255,0.871405
3121,2023-05-09 02:38:20,0.8712850000000001,0.871435
3123,2023-05-09 02:38:27,0.87128,0.87143
3124,2023-05-09 02:38:34,0.8712850000000001,0.871435
3126,2023-05-09 02:38:42,0.87129,0.87144
3127,2023-05-09 02:38:43,0.87128,0.87143
3128,2023-05-09 02:38:50,0.8712850000000001,0.871435
3130,2023-05-09 02:39:00,0.87128,0.87143
3131,2023-05-09 02:39:01,0.87127,0.87142
3132,2023-05-09 02:39:03,0.87126,0.87141
3133,2023-05-09 02:39:16,0.87125,0.8714
3134,2023-05-09 02:39:30,0.87124,0.87139
3135,2023-05-09 02:39:37,0.871245,0.8713949999999999
3137,2023-05-09 02:39:45,0.87125,0.8714
3138,2023-05-09 02:39:50,0.87124,0.87139
3139,2023-05-09 02:39:59,0.87128,0.87143
3140,2023-05-09 02:40:00,0.87129,0.87144
3141,2023-05-09 02:40:01,0.87128,0.87143
3142,2023-05-09 02:40:12,0.87127,0.87142
3143,2023-05-09 02:40:22,0.87124,0.87139
3144,2023-05-09 02:40:24,0.87125,0.8714
3145,2023-05-09 02:40:28,0.87124,0.87139
3146,2023-05-09 02:40:29,0.87125,0.8714
3147,2023-05-09 02:40:31,0.871245,0.8713949999999999
3149,2023-05-09 02:40:32,0.87124,0.87139
3150,2023-05-09 02:40:35,0.87123,0.87138
3151,2023-05-09 02:40:38,0.87122,0.87137
3152,2023-05-09 02:40:39,0.8712150000000001,0.871365
3154,2023-05-09 02:40:40,0.87123,0.87138
3155,2023-05-09 02:40:41,0.87122,0.87137
3156,2023-05-09 02:40:42,0.8712150000000001,0.871365
3158,2023-05-09 02:40:44,0.87121,0.87136
3159,2023-05-09 02:40:46,0.87122,0.87137
3160,2023-05-09 02:40:48,0.87121,0.87136
3161,2023-05-09 02:40:50,0.8712,0.87135
3162,2023-05-09 02:40:51,0.87119,0.87134
3163,2023-05-09 02:40:57,0.8712,0.87135
3164,2023-05-09 02:41:00,0.8712,0.87135
3165,2023-05-09 02:41:03,0.87119,0.87134
3166,2023-05-09 02:41:05,0.8712,0.87135
3167,2023-05-09 02:41:07,0.8711949999999999,0.871345
3169,2023-05-09 02:41:08,0.87121,0.87136
3170,2023-05-09 02:41:18,0.87122,0.87137
3171,2023-05-09 02:41:22,0.87121,0.87136
3172,2023-05-09 02:41:34,0.8712,0.87135
3173,2023-05-09 02:41:57,0.87121,0.87136
3174,2023-05-09 02:42:00,0.871205,0.871355
3176,2023-05-09 02:42:02,0.87121,0.87136
3177,2023-05-09 02:42:06,0.8712,0.87135
3178,2023-05-09 02:42:11,0.87121,0.87136
3179,2023-05-09 02:42:12,0.87122,0.87137
3180,2023-05-09 02:42:14,0.87121,0.87136
3181,2023-05-09 02:42:17,0.871205,0.871355
3183,2023-05-09 02:42:20,0.8712150000000001,0.871365
3185,2023-05-09 02:42:21,0.8712,0.87135
3186,2023-05-09 02:42:24,0.87121,0.87136
3187,2023-05-09 02:42:25,0.8712,0.87135
3188,2023-05-09 02:42:47,0.87121,0.87136
3189,2023-05-09 02:42:54,0.8712,0.87135
3192,2023-05-09 02:42:56,0.87119,0.87134
3193,2023-05-09 02:43:00,0.87119,0.87134
3194,2023-05-09 02:43:02,0.8712,0.87135
3195,2023-05-09 02:43:03,0.8711949999999999,0.871345
3197,2023-05-09 02:43:04,0.87119,0.87134
3200,2023-05-09 02:43:05,0.8711949999999999,0.871345
3202,2023-05-09 02:43:06,0.8712,0.87135
3203,2023-05-09 02:43:08,0.87121,0.87136
3204,2023-05-09 02:43:09,0.8712,0.87135
3205,2023-05-09 02:43:13,0.8711949999999999,0.871345
3207,2023-05-09 02:43:16,0.8711949999999999,0.871345
3209,2023-05-09 02:43:17,0.87121,0.87136
3210,2023-05-09 02:43:27,0.87122,0.87137
3211,2023-05-09 02:43:32,0.87121,0.87136
3212,2023-05-09 02:43:35,0.87122,0.87137
3213,2023-05-09 02:43:38,0.87121,0.87136
