,time,bid,ask
0,2023-05-09 00:00:00,1.73515,1.73559
1,2023-05-09 00:00:01,1.735185,1.735625
5,2023-05-09 00:00:02,1.735195,1.735635
7,2023-05-09 00:00:04,1.73516,1.7356
8,2023-05-09 00:00:05,1.735155,1.735595
10,2023-05-09 00:00:06,1.73522,1.73566
11,2023-05-09 00:00:07,1.73521,1.7356500000000001
12,2023-05-09 00:00:08,1.735215,1.735655
14,2023-05-09 00:00:09,1.73522,1.73566
17,2023-05-09 00:00:10,1.73514,1.7355800000000001
21,2023-05-09 00:00:11,1.7351349999999999,1.735575
23,2023-05-09 00:00:12,1.73514,1.7355800000000001
26,2023-05-09 00:00:14,1.73516,1.7356
27,2023-05-09 00:00:15,1.73515,1.73559
30,2023-05-09 00:00:16,1.735155,1.735595
34,2023-05-09 00:00:17,1.735105,1.7355450000000001
36,2023-05-09 00:00:18,1.73507,1.73551
37,2023-05-09 00:00:19,1.7350150000000002,1.735455
39,2023-05-09 00:00:20,1.7349999999999999,1.73544
40,2023-05-09 00:00:21,1.73499,1.73543
41,2023-05-09 00:00:24,1.7349700000000001,1.73541
42,2023-05-09 00:00:25,1.73487,1.7353100000000001
45,2023-05-09 00:00:26,1.7349,1.7353399999999999
46,2023-05-09 00:00:27,1.73491,1.73535
47,2023-05-09 00:00:28,1.73488,1.73532
48,2023-05-09 00:00:29,1.73487,1.7353100000000001
49,2023-05-09 00:00:30,1.7348599999999998,1.7353
50,2023-05-09 00:00:31,1.73489,1.73533
53,2023-05-09 00:00:32,1.734915,1.735355
55,2023-05-09 00:00:33,1.73494,1.7353800000000001
58,2023-05-09 00:00:36,1.73492,1.73536
59,2023-05-09 00:00:38,1.7349299999999999,1.73537
60,2023-05-09 00:00:39,1.73492,1.73536
61,2023-05-09 00:00:40,1.73472,1.73516
62,2023-05-09 00:00:41,1.734625,1.735065
66,2023-05-09 00:00:42,1.7346599999999999,1.7351
70,2023-05-09 00:00:43,1.7348350000000001,1.735275
72,2023-05-09 00:00:44,1.73481,1.73525
73,2023-05-09 00:00:45,1.73478,1.73522
74,2023-05-09 00:00:46,1.7348,1.7352400000000001
75,2023-05-09 00:00:48,1.73481,1.73525
76,2023-05-09 00:00:51,1.734855,1.735295
78,2023-05-09 00:00:52,1.734905,1.735345
80,2023-05-09 00:00:53,1.73492,1.73536
81,2023-05-09 00:00:54,1.73491,1.73535
82,2023-05-09 00:00:55,1.73492,1.73536
85,2023-05-09 00:00:56,1.734905,1.735345
87,2023-05-09 00:00:57,1.73485,1.73529
89,2023-05-09 00:00:58,1.7349700000000001,1.73541
92,2023-05-09 00:01:00,1.734955,1.735395
96,2023-05-09 00:01:01,1.73499,1.73543
99,2023-05-09 00:01:02,1.7351299999999998,1.73557
102,2023-05-09 00:01:03,1.735085,1.735525
104,2023-05-09 00:01:04,1.73508,1.73552
105,2023-05-09 00:01:05,1.73505,1.73549
106,2023-05-09 00:01:07,1.73507,1.73551
107,2023-05-09 00:01:08,1.73508,1.73552
108,2023-05-09 00:01:09,1.735065,1.735505
110,2023-05-09 00:01:10,1.73502,1.73546
114,2023-05-09 00:01:11,1.7349999999999999,1.73544
117,2023-05-09 00:01:12,1.73502,1.73546
120,2023-05-09 00:01:14,1.7349700000000001,1.73541
121,2023-05-09 00:01:15,1.73498,1.73542
122,2023-05-09 00:01:17,1.734995,1.735435
124,2023-05-09 00:01:18,1.73499,1.73543
125,2023-05-09 00:01:19,1.734995,1.735435
127,2023-05-09 00:01:20,1.735005,1.7354450000000001
129,2023-05-09 00:01:21,1.735015,1.735455
131,2023-05-09 00:01:22,1.735075,1.735515
133,2023-05-09 00:01:23,1.735065,1.735505
135,2023-05-09 00:01:24,1.73495,1.73539
138,2023-05-09 00:01:26,1.73495,1.7353900000000002
140,2023-05-09 00:01:29,1.734955,1.735395
142,2023-05-09 00:01:30,1.734935,1.7353750000000001
144,2023-05-09 00:01:31,1.73494,1.7353800000000001
145,2023-05-09 00:01:32,1.73496,1.7354
148,2023-05-09 00:01:33,1.73495,1.73539
149,2023-05-09 00:01:35,1.7349700000000001,1.73541
150,2023-05-09 00:01:37,1.7350400000000001,1.73548
152,2023-05-09 00:01:39,1.735105,1.7355450000000001
154,2023-05-09 00:01:40,1.73505,1.73549
155,2023-05-09 00:01:41,1.73506,1.7355
158,2023-05-09 00:01:42,1.73506,1.7355
159,2023-05-09 00:01:43,1.735055,1.735495
161,2023-05-09 00:01:44,1.73507,1.73551
162,2023-05-09 00:01:45,1.7351,1.7355399999999999
164,2023-05-09 00:01:46,1.73507,1.73551
165,2023-05-09 00:01:47,1.735085,1.735525
167,2023-05-09 00:01:48,1.7350249999999998,1.735465
169,2023-05-09 00:01:49,1.7350400000000001,1.73548
170,2023-05-09 00:01:50,1.73504,1.7354800000000001
172,2023-05-09 00:01:51,1.735155,1.735595
174,2023-05-09 00:01:52,1.73513,1.73557
176,2023-05-09 00:01:53,1.73506,1.7355
179,2023-05-09 00:01:54,1.73502,1.73546
182,2023-05-09 00:01:55,1.735035,1.7354749999999999
184,2023-05-09 00:01:56,1.7351050000000001,1.735545
188,2023-05-09 00:01:58,1.7351100000000002,1.73555
189,2023-05-09 00:02:00,1.73503,1.7354699999999998
192,2023-05-09 00:02:01,1.73505,1.73549
193,2023-05-09 00:02:02,1.7350400000000001,1.73548
196,2023-05-09 00:02:03,1.73505,1.73549
197,2023-05-09 00:02:06,1.73509,1.73553
200,2023-05-09 00:02:07,1.7351999999999999,1.73564
201,2023-05-09 00:02:09,1.735155,1.735595
203,2023-05-09 00:02:11,1.73517,1.7356099999999999
206,2023-05-09 00:02:12,1.7351999999999999,1.73564
207,2023-05-09 00:02:13,1.735275,1.7357150000000001
209,2023-05-09 00:02:14,1.735255,1.735695
211,2023-05-09 00:02:15,1.735225,1.735665
213,2023-05-09 00:02:16,1.735245,1.735685
215,2023-05-09 00:02:18,1.735215,1.735655
217,2023-05-09 00:02:21,1.7351999999999999,1.73564
219,2023-05-09 00:02:22,1.73519,1.73563
220,2023-05-09 00:02:25,1.735195,1.735635
222,2023-05-09 00:02:26,1.73523,1.73567
223,2023-05-09 00:02:28,1.73521,1.7356500000000001
224,2023-05-09 00:02:29,1.735245,1.735685
226,2023-05-09 00:02:30,1.73522,1.73566
227,2023-05-09 00:02:31,1.73522,1.7356600000000002
229,2023-05-09 00:02:32,1.7352349999999999,1.735675
231,2023-05-09 00:02:34,1.735235,1.735675
233,2023-05-09 00:02:35,1.73525,1.73569
234,2023-05-09 00:02:36,1.7352400000000001,1.73568
235,2023-05-09 00:02:37,1.73525,1.73569
236,2023-05-09 00:02:39,1.73532,1.73576
237,2023-05-09 00:02:40,1.735305,1.7357449999999999
239,2023-05-09 00:02:41,1.735275,1.7357150000000001
241,2023-05-09 00:02:42,1.73529,1.73573
242,2023-05-09 00:02:44,1.735385,1.735825
244,2023-05-09 00:02:45,1.73535,1.7357900000000002
245,2023-05-09 00:02:46,1.73535,1.7357900000000002
247,2023-05-09 00:02:48,1.7353750000000001,1.7358149999999999
249,2023-05-09 00:02:49,1.73537,1.7358099999999999
250,2023-05-09 00:02:50,1.7353800000000001,1.73582
251,2023-05-09 00:02:51,1.7353450000000001,1.735785
253,2023-05-09 00:02:53,1.7353,1.7357399999999998
255,2023-05-09 00:02:54,1.73528,1.73572
259,2023-05-09 00:02:55,1.735275,1.7357150000000001
261,2023-05-09 00:02:58,1.73523,1.73567
262,2023-05-09 00:02:59,1.73522,1.73566
263,2023-05-09 00:03:00,1.73522,1.73566
264,2023-05-09 00:03:01,1.73519,1.73563
265,2023-05-09 00:03:03,1.73517,1.7356099999999999
266,2023-05-09 00:03:04,1.73516,1.7356
267,2023-05-09 00:03:05,1.73515,1.73559
268,2023-05-09 00:03:07,1.73516,1.7356
269,2023-05-09 00:03:08,1.7351649999999998,1.735605
271,2023-05-09 00:03:09,1.73508,1.73552
273,2023-05-09 00:03:13,1.735035,1.7354749999999999
275,2023-05-09 00:03:14,1.73506,1.7355
276,2023-05-09 00:03:16,1.73507,1.73551
280,2023-05-09 00:03:17,1.73514,1.7355800000000001
281,2023-05-09 00:03:20,1.73518,1.73562
284,2023-05-09 00:03:21,1.7353,1.7357399999999998
286,2023-05-09 00:03:22,1.73529,1.73573
289,2023-05-09 00:03:23,1.73528,1.7357200000000002
292,2023-05-09 00:03:24,1.73525,1.73569
293,2023-05-09 00:03:25,1.7352500000000002,1.73569
295,2023-05-09 00:03:26,1.73523,1.73567
296,2023-05-09 00:03:27,1.73521,1.7356500000000001
297,2023-05-09 00:03:28,1.73523,1.73567
300,2023-05-09 00:03:29,1.73518,1.73562
303,2023-05-09 00:03:30,1.73517,1.7356099999999999
305,2023-05-09 00:03:32,1.7351299999999998,1.73557
306,2023-05-09 00:03:33,1.73509,1.73553
309,2023-05-09 00:03:35,1.735045,1.735485
311,2023-05-09 00:03:36,1.73506,1.7355
312,2023-05-09 00:03:38,1.7350400000000001,1.73548
314,2023-05-09 00:03:39,1.73506,1.7355
315,2023-05-09 00:03:40,1.73507,1.73551
316,2023-05-09 00:03:42,1.73509,1.73553
317,2023-05-09 00:03:43,1.735075,1.735515
319,2023-05-09 00:03:44,1.7350400000000001,1.73548
320,2023-05-09 00:03:45,1.73501,1.7354500000000002
321,2023-05-09 00:03:46,1.7349999999999999,1.73544
322,2023-05-09 00:03:47,1.73499,1.73543
323,2023-05-09 00:03:49,1.735035,1.7354749999999999
325,2023-05-09 00:03:50,1.73494,1.7353800000000001
328,2023-05-09 00:03:51,1.73495,1.73539
329,2023-05-09 00:03:52,1.7349700000000001,1.73541
330,2023-05-09 00:03:53,1.735,1.7354399999999999
332,2023-05-09 00:03:55,1.734985,1.735425
334,2023-05-09 00:03:56,1.734995,1.735435
336,2023-05-09 00:03:57,1.7350400000000001,1.73548
338,2023-05-09 00:03:58,1.7350349999999999,1.735475
340,2023-05-09 00:03:59,1.7350400000000001,1.73548
342,2023-05-09 00:04:00,1.735015,1.735455
344,2023-05-09 00:04:02,1.7349700000000001,1.73541
345,2023-05-09 00:04:03,1.7349999999999999,1.73544
346,2023-05-09 00:04:04,1.73502,1.73546
349,2023-05-09 00:04:05,1.735025,1.735465
351,2023-05-09 00:04:07,1.73501,1.7354500000000002
352,2023-05-09 00:04:09,1.73503,1.7354699999999998
353,2023-05-09 00:04:12,1.735045,1.735485
355,2023-05-09 00:04:13,1.73502,1.73546
356,2023-05-09 00:04:15,1.7349999999999999,1.73544
359,2023-05-09 00:04:16,1.73499,1.73543
360,2023-05-09 00:04:21,1.73482,1.73526
361,2023-05-09 00:04:25,1.734855,1.735295
363,2023-05-09 00:04:27,1.7348599999999998,1.7353
364,2023-05-09 00:04:28,1.73487,1.7353100000000001
365,2023-05-09 00:04:30,1.7348400000000002,1.73528
366,2023-05-09 00:04:31,1.7348599999999998,1.7353
367,2023-05-09 00:04:32,1.73488,1.73532
368,2023-05-09 00:04:35,1.73487,1.7353100000000001
369,2023-05-09 00:04:53,1.73481,1.7352500000000002
371,2023-05-09 00:04:54,1.7347549999999998,1.735195
373,2023-05-09 00:04:55,1.734705,1.735145
375,2023-05-09 00:05:01,1.73471,1.73515
376,2023-05-09 00:05:02,1.73461,1.73505
378,2023-05-09 00:05:12,1.73462,1.73506
379,2023-05-09 00:05:15,1.73461,1.73505
380,2023-05-09 00:05:18,1.73458,1.73502
381,2023-05-09 00:05:19,1.734495,1.734935
383,2023-05-09 00:05:20,1.73438,1.73482
384,2023-05-09 00:05:21,1.73441,1.73485
385,2023-05-09 00:05:22,1.7344,1.7348400000000002
386,2023-05-09 00:05:23,1.73441,1.73485
387,2023-05-09 00:05:24,1.7344,1.7348400000000002
388,2023-05-09 00:05:25,1.734415,1.734855
390,2023-05-09 00:05:26,1.7343899999999999,1.73483
391,2023-05-09 00:05:27,1.73428,1.73472
394,2023-05-09 00:05:30,1.7342300000000002,1.73467
397,2023-05-09 00:05:31,1.7340900000000001,1.73453
398,2023-05-09 00:05:33,1.73408,1.7345199999999998
399,2023-05-09 00:05:35,1.73407,1.73451
400,2023-05-09 00:05:38,1.73408,1.7345199999999998
401,2023-05-09 00:05:39,1.7341,1.73454
402,2023-05-09 00:05:41,1.73407,1.73451
403,2023-05-09 00:05:42,1.73406,1.7345000000000002
404,2023-05-09 00:05:43,1.734085,1.7345249999999999
406,2023-05-09 00:05:44,1.73407,1.73451
407,2023-05-09 00:05:45,1.73399,1.73443
409,2023-05-09 00:05:47,1.73399,1.7344300000000001
412,2023-05-09 00:05:48,1.73403,1.73447
413,2023-05-09 00:05:51,1.73399,1.73443
415,2023-05-09 00:05:53,1.734005,1.734445
417,2023-05-09 00:05:54,1.734,1.73444
418,2023-05-09 00:06:00,1.734,1.73444
419,2023-05-09 00:06:03,1.7340200000000001,1.73446
420,2023-05-09 00:06:09,1.7340499999999999,1.73449
422,2023-05-09 00:06:11,1.7340200000000001,1.73446
423,2023-05-09 00:06:12,1.73397,1.73441
424,2023-05-09 00:06:13,1.73399,1.7344300000000001
425,2023-05-09 00:06:17,1.734,1.73444
426,2023-05-09 00:06:20,1.73399,1.7344300000000001
427,2023-05-09 00:06:21,1.7339799999999999,1.73442
428,2023-05-09 00:06:22,1.73405,1.73449
430,2023-05-09 00:06:25,1.73407,1.73451
431,2023-05-09 00:06:26,1.73406,1.7345000000000002
432,2023-05-09 00:06:29,1.7341,1.73454
433,2023-05-09 00:06:30,1.734075,1.734515
435,2023-05-09 00:06:39,1.7340900000000001,1.73453
436,2023-05-09 00:06:40,1.734095,1.734535
438,2023-05-09 00:06:41,1.7340499999999999,1.73449
439,2023-05-09 00:06:42,1.73406,1.7345000000000002
440,2023-05-09 00:06:50,1.73407,1.73451
441,2023-05-09 00:06:51,1.73406,1.7345000000000002
442,2023-05-09 00:06:57,1.7340200000000001,1.73446
444,2023-05-09 00:07:00,1.734,1.73444
445,2023-05-09 00:07:02,1.7339799999999999,1.73442
446,2023-05-09 00:07:04,1.73401,1.7344499999999998
448,2023-05-09 00:07:05,1.73404,1.73448
449,2023-05-09 00:07:06,1.7339799999999999,1.73442
450,2023-05-09 00:07:07,1.734,1.73444
451,2023-05-09 00:07:12,1.733995,1.734435
453,2023-05-09 00:07:13,1.7339799999999999,1.73442
455,2023-05-09 00:07:16,1.734005,1.734445
457,2023-05-09 00:07:18,1.73396,1.7344
458,2023-05-09 00:07:21,1.73397,1.73441
459,2023-05-09 00:07:24,1.73399,1.7344300000000001
462,2023-05-09 00:07:26,1.73395,1.7343899999999999
463,2023-05-09 00:07:29,1.73392,1.7343600000000001
464,2023-05-09 00:07:32,1.733905,1.734345
466,2023-05-09 00:07:33,1.73388,1.7343199999999999
468,2023-05-09 00:07:34,1.73386,1.7343
469,2023-05-09 00:07:36,1.7338,1.73424
470,2023-05-09 00:07:40,1.73386,1.7343
471,2023-05-09 00:07:41,1.733825,1.734265
473,2023-05-09 00:07:44,1.73383,1.73427
476,2023-05-09 00:07:47,1.7339,1.73434
477,2023-05-09 00:07:48,1.7339099999999998,1.73435
478,2023-05-09 00:07:49,1.733915,1.7343549999999999
480,2023-05-09 00:07:50,1.733945,1.734385
482,2023-05-09 00:07:51,1.7339799999999999,1.73442
483,2023-05-09 00:07:52,1.7340200000000001,1.73446
485,2023-05-09 00:07:53,1.734065,1.734505
487,2023-05-09 00:07:54,1.734005,1.734445
489,2023-05-09 00:07:55,1.7340200000000001,1.73446
491,2023-05-09 00:07:56,1.73411,1.73455
494,2023-05-09 00:07:58,1.7341199999999999,1.73456
497,2023-05-09 00:08:00,1.73414,1.73458
500,2023-05-09 00:08:01,1.734105,1.734545
504,2023-05-09 00:08:02,1.73408,1.7345199999999998
506,2023-05-09 00:08:03,1.73411,1.73455
509,2023-05-09 00:08:04,1.7341,1.73454
510,2023-05-09 00:08:05,1.73413,1.73457
511,2023-05-09 00:08:06,1.73411,1.73455
512,2023-05-09 00:08:13,1.734125,1.734565
516,2023-05-09 00:08:15,1.7341,1.73454
519,2023-05-09 00:08:16,1.73413,1.73457
520,2023-05-09 00:08:18,1.7341,1.73454
521,2023-05-09 00:08:22,1.7341199999999999,1.73456
522,2023-05-09 00:08:29,1.73411,1.73455
523,2023-05-09 00:08:32,1.734155,1.734595
525,2023-05-09 00:08:34,1.73418,1.73462
528,2023-05-09 00:08:37,1.7342499999999998,1.73469
529,2023-05-09 00:08:41,1.73424,1.73468
530,2023-05-09 00:08:42,1.7342499999999998,1.73469
531,2023-05-09 00:08:43,1.73427,1.73471
532,2023-05-09 00:08:44,1.7342499999999998,1.73469
535,2023-05-09 00:08:45,1.734215,1.734655
537,2023-05-09 00:08:46,1.7342499999999998,1.73469
538,2023-05-09 00:08:48,1.73426,1.7347000000000001
539,2023-05-09 00:08:49,1.7342549999999999,1.734695
541,2023-05-09 00:08:50,1.7342499999999998,1.73469
544,2023-05-09 00:08:54,1.73418,1.73462
545,2023-05-09 00:08:59,1.7341600000000001,1.7346
546,2023-05-09 00:09:00,1.7341550000000001,1.7345949999999999
548,2023-05-09 00:09:02,1.7342,1.73464
551,2023-05-09 00:09:03,1.7342549999999999,1.734695
553,2023-05-09 00:09:04,1.7341550000000001,1.7345949999999999
555,2023-05-09 00:09:05,1.73415,1.7345899999999999
557,2023-05-09 00:09:07,1.73413,1.73457
558,2023-05-09 00:09:08,1.73414,1.73458
559,2023-05-09 00:09:09,1.73417,1.73461
560,2023-05-09 00:09:10,1.734145,1.734585
562,2023-05-09 00:09:12,1.73415,1.7345899999999999
563,2023-05-09 00:09:14,1.73414,1.73458
564,2023-05-09 00:09:15,1.7341199999999999,1.73456
567,2023-05-09 00:09:16,1.734035,1.734475
569,2023-05-09 00:09:18,1.7339799999999999,1.73442
570,2023-05-09 00:09:21,1.73387,1.73431
571,2023-05-09 00:09:22,1.733905,1.734345
573,2023-05-09 00:09:24,1.7339,1.73434
574,2023-05-09 00:09:25,1.73392,1.7343600000000001
576,2023-05-09 00:09:26,1.73394,1.73438
577,2023-05-09 00:09:33,1.73395,1.7343899999999999
579,2023-05-09 00:09:34,1.7338550000000001,1.734295
581,2023-05-09 00:09:38,1.733945,1.734385
583,2023-05-09 00:09:39,1.73396,1.7344
584,2023-05-09 00:09:40,1.73397,1.73441
587,2023-05-09 00:09:41,1.73395,1.7343899999999999
589,2023-05-09 00:09:42,1.73395,1.7343899999999999
592,2023-05-09 00:09:43,1.73394,1.73438
595,2023-05-09 00:09:44,1.7339799999999999,1.73442
596,2023-05-09 00:09:45,1.73396,1.7344
599,2023-05-09 00:09:50,1.7339849999999999,1.734425
601,2023-05-09 00:09:52,1.73401,1.73445
602,2023-05-09 00:09:54,1.7340200000000001,1.73446
603,2023-05-09 00:09:55,1.7339799999999999,1.73442
605,2023-05-09 00:09:56,1.734,1.73444
606,2023-05-09 00:09:57,1.73393,1.73437
607,2023-05-09 00:09:58,1.733895,1.734335
609,2023-05-09 00:09:59,1.73397,1.73441
611,2023-05-09 00:10:00,1.73395,1.7343899999999999
614,2023-05-09 00:10:01,1.73385,1.73429
615,2023-05-09 00:10:02,1.73383,1.73427
616,2023-05-09 00:10:03,1.73388,1.7343199999999999
617,2023-05-09 00:10:04,1.73392,1.7343600000000001
620,2023-05-09 00:10:05,1.73394,1.73438
621,2023-05-09 00:10:06,1.73393,1.73437
622,2023-05-09 00:10:08,1.73392,1.7343600000000001
623,2023-05-09 00:10:12,1.73393,1.73437
624,2023-05-09 00:10:13,1.73392,1.7343600000000001
625,2023-05-09 00:10:14,1.73395,1.7343899999999999
626,2023-05-09 00:10:15,1.73392,1.7343600000000001
628,2023-05-09 00:10:16,1.73392,1.7343600000000001
629,2023-05-09 00:10:22,1.7339,1.73434
630,2023-05-09 00:10:26,1.734,1.73444
633,2023-05-09 00:10:28,1.73404,1.73448
634,2023-05-09 00:10:29,1.73401,1.73445
635,2023-05-09 00:10:31,1.73396,1.7344
636,2023-05-09 00:10:32,1.733965,1.734405
638,2023-05-09 00:10:33,1.73395,1.7343899999999999
639,2023-05-09 00:10:34,1.73393,1.73437
640,2023-05-09 00:10:36,1.73392,1.7343600000000001
641,2023-05-09 00:10:40,1.73392,1.7343600000000001
643,2023-05-09 00:10:41,1.73394,1.73438
646,2023-05-09 00:10:42,1.73386,1.7343
647,2023-05-09 00:10:46,1.73388,1.7343199999999999
648,2023-05-09 00:10:47,1.73388,1.7343199999999999
650,2023-05-09 00:10:48,1.7339099999999998,1.73435
653,2023-05-09 00:10:49,1.73387,1.73431
656,2023-05-09 00:10:50,1.73385,1.73429
657,2023-05-09 00:10:54,1.73386,1.7343
658,2023-05-09 00:10:55,1.733895,1.734335
660,2023-05-09 00:10:58,1.7339,1.73434
661,2023-05-09 00:10:59,1.73392,1.7343600000000001
663,2023-05-09 00:11:00,1.73392,1.7343600000000001
665,2023-05-09 00:11:01,1.733955,1.734395
667,2023-05-09 00:11:03,1.73406,1.7345000000000002
668,2023-05-09 00:11:04,1.73399,1.7344300000000001
669,2023-05-09 00:11:05,1.73404,1.73448
672,2023-05-09 00:11:06,1.73404,1.73448
673,2023-05-09 00:11:07,1.734035,1.734475
675,2023-05-09 00:11:08,1.7340499999999999,1.73449
676,2023-05-09 00:11:11,1.7339799999999999,1.73442
678,2023-05-09 00:11:14,1.73397,1.73441
679,2023-05-09 00:11:16,1.73397,1.73441
681,2023-05-09 00:11:17,1.73394,1.73438
682,2023-05-09 00:11:18,1.73393,1.73437
683,2023-05-09 00:11:21,1.73394,1.73438
684,2023-05-09 00:11:22,1.73395,1.7343899999999999
687,2023-05-09 00:11:23,1.73393,1.73437
688,2023-05-09 00:11:25,1.73394,1.73438
689,2023-05-09 00:11:26,1.73394,1.73438
692,2023-05-09 00:11:27,1.73392,1.7343600000000001
693,2023-05-09 00:11:28,1.73392,1.7343600000000001
695,2023-05-09 00:11:29,1.7339099999999998,1.73435
696,2023-05-09 00:11:31,1.733895,1.734335
698,2023-05-09 00:11:33,1.73392,1.7343600000000001
699,2023-05-09 00:11:34,1.73394,1.73438
700,2023-05-09 00:11:36,1.73397,1.73441
701,2023-05-09 00:11:37,1.73394,1.73438
704,2023-05-09 00:11:39,1.73401,1.73445
705,2023-05-09 00:11:40,1.73396,1.7344
708,2023-05-09 00:11:44,1.73393,1.73437
709,2023-05-09 00:11:45,1.73387,1.73431
710,2023-05-09 00:11:46,1.73379,1.7342300000000002
713,2023-05-09 00:11:47,1.73379,1.7342300000000002
716,2023-05-09 00:11:48,1.73372,1.7341600000000001
717,2023-05-09 00:11:49,1.7337099999999999,1.73415
718,2023-05-09 00:11:52,1.73368,1.7341199999999999
720,2023-05-09 00:11:53,1.73366,1.7341
723,2023-05-09 00:11:54,1.73359,1.73403
724,2023-05-09 00:11:55,1.73358,1.7340200000000001
725,2023-05-09 00:11:57,1.7336,1.73404
726,2023-05-09 00:11:58,1.73361,1.7340499999999999
727,2023-05-09 00:11:59,1.733625,1.734065
729,2023-05-09 00:12:00,1.73358,1.7340200000000001
730,2023-05-09 00:12:01,1.73361,1.7340499999999999
731,2023-05-09 00:12:04,1.7336,1.73404
732,2023-05-09 00:12:05,1.73358,1.7340200000000001
733,2023-05-09 00:12:07,1.733595,1.734035
737,2023-05-09 00:12:08,1.733585,1.734025
739,2023-05-09 00:12:09,1.73358,1.7340200000000001
740,2023-05-09 00:12:12,1.73357,1.73401
741,2023-05-09 00:12:15,1.73358,1.7340200000000001
742,2023-05-09 00:12:17,1.7335500000000001,1.73399
744,2023-05-09 00:12:19,1.7335500000000001,1.73399
745,2023-05-09 00:12:20,1.7336200000000002,1.73406
749,2023-05-09 00:12:22,1.7336399999999998,1.73408
750,2023-05-09 00:12:26,1.73366,1.7341
751,2023-05-09 00:12:29,1.73367,1.73411
752,2023-05-09 00:12:31,1.73366,1.7341
753,2023-05-09 00:12:32,1.73368,1.7341199999999999
756,2023-05-09 00:12:35,1.733675,1.734115
758,2023-05-09 00:12:37,1.73366,1.7341
759,2023-05-09 00:12:38,1.7337099999999999,1.73415
760,2023-05-09 00:12:39,1.7337,1.73414
761,2023-05-09 00:12:40,1.73361,1.7340499999999999
762,2023-05-09 00:12:43,1.7336200000000002,1.73406
763,2023-05-09 00:12:47,1.73363,1.73407
764,2023-05-09 00:12:48,1.7336,1.73404
767,2023-05-09 00:12:53,1.7336,1.73404
770,2023-05-09 00:12:55,1.7335850000000002,1.734025
772,2023-05-09 00:12:58,1.733515,1.733955
774,2023-05-09 00:12:59,1.7334800000000001,1.73392
776,2023-05-09 00:13:00,1.7335,1.73394
777,2023-05-09 00:13:01,1.7335099999999999,1.73395
778,2023-05-09 00:13:03,1.733495,1.733935
780,2023-05-09 00:13:04,1.733525,1.733965
782,2023-05-09 00:13:05,1.7334999999999998,1.73394
784,2023-05-09 00:13:08,1.733505,1.733945
786,2023-05-09 00:13:11,1.73353,1.73397
789,2023-05-09 00:13:13,1.733535,1.733975
791,2023-05-09 00:13:16,1.7335099999999999,1.73395
794,2023-05-09 00:13:18,1.73358,1.7340200000000001
795,2023-05-09 00:13:20,1.733575,1.734015
797,2023-05-09 00:13:23,1.73365,1.7340900000000001
798,2023-05-09 00:13:24,1.733565,1.734005
800,2023-05-09 00:13:27,1.73356,1.734
801,2023-05-09 00:13:28,1.73357,1.73401
802,2023-05-09 00:13:29,1.7335600000000002,1.734
804,2023-05-09 00:13:31,1.73358,1.7340200000000001
806,2023-05-09 00:13:33,1.73358,1.7340200000000001
807,2023-05-09 00:13:34,1.73352,1.73396
808,2023-05-09 00:13:35,1.7335099999999999,1.73395
809,2023-05-09 00:13:39,1.733505,1.733945
811,2023-05-09 00:13:41,1.733525,1.733965
813,2023-05-09 00:13:42,1.7335099999999999,1.73395
814,2023-05-09 00:13:44,1.7337099999999999,1.73415
817,2023-05-09 00:13:45,1.7337500000000001,1.73419
818,2023-05-09 00:13:46,1.73374,1.73418
819,2023-05-09 00:13:48,1.73376,1.7342
822,2023-05-09 00:13:49,1.73379,1.7342300000000002
825,2023-05-09 00:13:50,1.7338,1.73424
828,2023-05-09 00:13:51,1.73381,1.7342499999999998
829,2023-05-09 00:13:53,1.7338200000000001,1.73426
832,2023-05-09 00:13:54,1.73377,1.73421
833,2023-05-09 00:13:55,1.73376,1.7342
834,2023-05-09 00:13:57,1.73377,1.73421
835,2023-05-09 00:14:00,1.73377,1.73421
836,2023-05-09 00:14:01,1.73376,1.7342
839,2023-05-09 00:14:02,1.733765,1.734205
843,2023-05-09 00:14:06,1.733745,1.734185
845,2023-05-09 00:14:07,1.73376,1.7342
846,2023-05-09 00:14:08,1.733745,1.734185
848,2023-05-09 00:14:09,1.7337600000000002,1.7342
850,2023-05-09 00:14:10,1.7337799999999999,1.73422
852,2023-05-09 00:14:11,1.733785,1.7342250000000001
854,2023-05-09 00:14:12,1.7338,1.73424
855,2023-05-09 00:14:13,1.73372,1.7341600000000001
857,2023-05-09 00:14:15,1.73368,1.7341199999999999
858,2023-05-09 00:14:18,1.7336399999999998,1.73408
861,2023-05-09 00:14:20,1.73358,1.7340200000000001
862,2023-05-09 00:14:21,1.7336,1.73404
863,2023-05-09 00:14:23,1.733545,1.733985
865,2023-05-09 00:14:24,1.7335099999999999,1.73395
867,2023-05-09 00:14:25,1.73346,1.7339
868,2023-05-09 00:14:28,1.733415,1.7338550000000001
870,2023-05-09 00:14:29,1.7333850000000002,1.733825
872,2023-05-09 00:14:32,1.733365,1.733805
874,2023-05-09 00:14:34,1.73338,1.7338200000000001
877,2023-05-09 00:14:35,1.733365,1.7338049999999998
879,2023-05-09 00:14:36,1.73342,1.73386
880,2023-05-09 00:14:37,1.733405,1.733845
882,2023-05-09 00:14:38,1.73339,1.73383
883,2023-05-09 00:14:39,1.73336,1.7338
884,2023-05-09 00:14:40,1.7333699999999999,1.73381
885,2023-05-09 00:14:41,1.7333699999999999,1.73381
887,2023-05-09 00:14:42,1.73336,1.7338
888,2023-05-09 00:14:45,1.733415,1.733855
890,2023-05-09 00:14:46,1.733485,1.733925
894,2023-05-09 00:14:47,1.73346,1.7339
895,2023-05-09 00:14:48,1.73347,1.7339099999999998
896,2023-05-09 00:14:49,1.7334399999999999,1.73388
897,2023-05-09 00:14:50,1.733435,1.733875
899,2023-05-09 00:14:52,1.73342,1.73386
900,2023-05-09 00:14:54,1.73345,1.7338900000000002
903,2023-05-09 00:14:55,1.7334299999999998,1.73387
905,2023-05-09 00:14:56,1.733475,1.7339149999999999
907,2023-05-09 00:14:57,1.733345,1.733785
909,2023-05-09 00:14:58,1.73336,1.7338
910,2023-05-09 00:15:00,1.733355,1.733795
912,2023-05-09 00:15:01,1.733365,1.733805
914,2023-05-09 00:15:02,1.733355,1.7337950000000002
916,2023-05-09 00:15:03,1.73334,1.7337799999999999
917,2023-05-09 00:15:04,1.73332,1.73376
919,2023-05-09 00:15:05,1.733295,1.733735
921,2023-05-09 00:15:06,1.7332800000000002,1.73372
922,2023-05-09 00:15:07,1.73329,1.73373
923,2023-05-09 00:15:08,1.73325,1.73369
926,2023-05-09 00:15:10,1.7332,1.7336399999999998
927,2023-05-09 00:15:12,1.7332100000000001,1.73365
928,2023-05-09 00:15:14,1.73322,1.73366
929,2023-05-09 00:15:15,1.733215,1.733655
933,2023-05-09 00:15:16,1.7332750000000001,1.733715
935,2023-05-09 00:15:17,1.73327,1.7337099999999999
936,2023-05-09 00:15:18,1.7332999999999998,1.73374
937,2023-05-09 00:15:20,1.733335,1.733775
939,2023-05-09 00:15:21,1.73343,1.73387
940,2023-05-09 00:15:25,1.733445,1.7338850000000001
942,2023-05-09 00:15:27,1.7334800000000001,1.73392
944,2023-05-09 00:15:28,1.73342,1.73386
945,2023-05-09 00:15:29,1.7334,1.73384
946,2023-05-09 00:15:30,1.733395,1.733835
948,2023-05-09 00:15:31,1.733415,1.733855
950,2023-05-09 00:15:32,1.7334,1.73384
953,2023-05-09 00:15:33,1.73343,1.73387
954,2023-05-09 00:15:34,1.7334999999999998,1.73394
956,2023-05-09 00:15:35,1.733455,1.733895
958,2023-05-09 00:15:36,1.733455,1.733895
960,2023-05-09 00:15:37,1.733455,1.733895
962,2023-05-09 00:15:38,1.733455,1.733895
964,2023-05-09 00:15:39,1.73347,1.7339099999999998
967,2023-05-09 00:15:40,1.73346,1.7339
969,2023-05-09 00:15:41,1.73346,1.7339
970,2023-05-09 00:15:42,1.7335099999999999,1.73395
972,2023-05-09 00:15:43,1.733505,1.733945
974,2023-05-09 00:15:44,1.7334999999999998,1.73394
976,2023-05-09 00:15:46,1.73346,1.7339
977,2023-05-09 00:15:49,1.73342,1.73386
980,2023-05-09 00:15:50,1.7334399999999999,1.73388
981,2023-05-09 00:15:51,1.73346,1.7339
982,2023-05-09 00:15:52,1.73345,1.7338900000000002
983,2023-05-09 00:15:53,1.7335,1.73394
984,2023-05-09 00:15:55,1.7334800000000001,1.73392
986,2023-05-09 00:15:56,1.7335099999999999,1.73395
989,2023-05-09 00:15:57,1.7334800000000001,1.73392
992,2023-05-09 00:15:59,1.73349,1.73393
993,2023-05-09 00:16:00,1.733495,1.733935
997,2023-05-09 00:16:01,1.73358,1.7340200000000001
998,2023-05-09 00:16:02,1.7335500000000001,1.73399
1000,2023-05-09 00:16:03,1.733515,1.733955
1002,2023-05-09 00:16:05,1.7335,1.73394
1003,2023-05-09 00:16:09,1.7334800000000001,1.73392
1004,2023-05-09 00:16:11,1.733465,1.733905
1006,2023-05-09 00:16:12,1.7334999999999998,1.73394
1008,2023-05-09 00:16:15,1.73349,1.73393
1009,2023-05-09 00:16:16,1.733425,1.733865
1011,2023-05-09 00:16:17,1.73343,1.73387
1012,2023-05-09 00:16:21,1.73343,1.73387
1014,2023-05-09 00:16:22,1.7334,1.73384
1015,2023-05-09 00:16:25,1.733425,1.733865
1017,2023-05-09 00:16:26,1.7334,1.7338399999999998
1019,2023-05-09 00:16:31,1.7334,1.73384
1020,2023-05-09 00:16:33,1.73342,1.73386
1021,2023-05-09 00:16:34,1.73345,1.7338900000000002
1022,2023-05-09 00:16:40,1.73346,1.7339
1023,2023-05-09 00:16:41,1.7334,1.73384
1025,2023-05-09 00:16:42,1.7334100000000001,1.73385
1026,2023-05-09 00:16:43,1.7334,1.73384
1029,2023-05-09 00:16:45,1.7334100000000001,1.73385
1030,2023-05-09 00:16:46,1.7334,1.73384
1031,2023-05-09 00:16:47,1.73339,1.73383
1032,2023-05-09 00:16:48,1.733415,1.733855
1034,2023-05-09 00:16:49,1.73343,1.73387
1035,2023-05-09 00:16:50,1.7334200000000002,1.73386
1037,2023-05-09 00:16:51,1.7334100000000001,1.73385
1038,2023-05-09 00:16:52,1.7334,1.73384
1039,2023-05-09 00:16:55,1.73338,1.7338200000000001
1040,2023-05-09 00:16:56,1.7334100000000001,1.73385
1043,2023-05-09 00:16:57,1.7334399999999999,1.73388
1044,2023-05-09 00:16:58,1.7334399999999999,1.73388
1047,2023-05-09 00:17:00,1.73342,1.73386
1048,2023-05-09 00:17:01,1.7334,1.73384
1049,2023-05-09 00:17:02,1.7334,1.7338399999999998
1051,2023-05-09 00:17:03,1.733405,1.733845
1053,2023-05-09 00:17:04,1.733415,1.733855
1055,2023-05-09 00:17:07,1.733395,1.733835
1057,2023-05-09 00:17:08,1.73335,1.73379
1058,2023-05-09 00:17:09,1.73336,1.7338
1059,2023-05-09 00:17:11,1.73326,1.7337
1060,2023-05-09 00:17:12,1.7331699999999999,1.73361
1062,2023-05-09 00:17:17,1.73312,1.73356
1063,2023-05-09 00:17:20,1.73313,1.73357
1064,2023-05-09 00:17:21,1.73311,1.73355
1066,2023-05-09 00:17:22,1.733025,1.733465
1068,2023-05-09 00:17:23,1.73298,1.73342
1069,2023-05-09 00:17:26,1.73297,1.7334100000000001
1072,2023-05-09 00:17:27,1.73298,1.73342
1073,2023-05-09 00:17:28,1.73293,1.7333699999999999
1074,2023-05-09 00:17:33,1.7329599999999998,1.7334
1076,2023-05-09 00:17:37,1.7329350000000001,1.7333749999999999
1078,2023-05-09 00:17:38,1.7329599999999998,1.7334
1079,2023-05-09 00:17:40,1.73295,1.73339
1080,2023-05-09 00:17:42,1.7329350000000001,1.7333749999999999
1082,2023-05-09 00:17:43,1.7328700000000001,1.73331
1083,2023-05-09 00:17:44,1.732925,1.733365
1085,2023-05-09 00:17:45,1.7328999999999999,1.73334
1086,2023-05-09 00:17:46,1.73292,1.73336
1087,2023-05-09 00:17:47,1.7329649999999999,1.733405
1089,2023-05-09 00:17:49,1.73298,1.73342
1090,2023-05-09 00:17:51,1.7329599999999998,1.7334
1091,2023-05-09 00:17:53,1.7328999999999999,1.73334
1094,2023-05-09 00:17:56,1.73291,1.73335
1097,2023-05-09 00:17:58,1.7330999999999999,1.73354
1099,2023-05-09 00:18:00,1.7330999999999999,1.73354
1100,2023-05-09 00:18:01,1.733115,1.733555
1102,2023-05-09 00:18:02,1.73316,1.7336
1103,2023-05-09 00:18:04,1.73318,1.7336200000000002
1106,2023-05-09 00:18:05,1.73323,1.73367
1108,2023-05-09 00:18:06,1.73323,1.73367
1109,2023-05-09 00:18:08,1.733195,1.733635
1111,2023-05-09 00:18:10,1.73324,1.73368
1112,2023-05-09 00:18:12,1.733225,1.733665
1114,2023-05-09 00:18:15,1.73326,1.7337
1116,2023-05-09 00:18:16,1.73318,1.7336200000000002
1117,2023-05-09 00:18:17,1.73319,1.73363
1118,2023-05-09 00:18:18,1.7332100000000001,1.73365
1119,2023-05-09 00:18:21,1.73322,1.73366
1120,2023-05-09 00:18:28,1.73319,1.73363
1123,2023-05-09 00:18:30,1.73319,1.73363
1124,2023-05-09 00:18:32,1.7332,1.7336399999999998
1125,2023-05-09 00:18:34,1.7332100000000001,1.73365
1126,2023-05-09 00:18:38,1.733165,1.7336049999999998
1128,2023-05-09 00:18:42,1.73315,1.73359
1129,2023-05-09 00:18:43,1.73316,1.7336
1130,2023-05-09 00:18:45,1.73322,1.73366
1131,2023-05-09 00:18:47,1.733215,1.733655
1133,2023-05-09 00:18:48,1.733225,1.733665
1135,2023-05-09 00:18:49,1.7332100000000001,1.73365
1136,2023-05-09 00:18:51,1.7331400000000001,1.73358
1137,2023-05-09 00:18:52,1.7331400000000001,1.73358
1139,2023-05-09 00:18:56,1.7331400000000001,1.73358
1140,2023-05-09 00:18:57,1.73312,1.7335600000000002
1142,2023-05-09 00:18:59,1.7330999999999999,1.73354
1143,2023-05-09 00:19:00,1.7330999999999999,1.73354
1144,2023-05-09 00:19:01,1.733105,1.7335450000000001
1146,2023-05-09 00:19:03,1.73313,1.7335699999999998
1148,2023-05-09 00:19:06,1.73312,1.73356
1149,2023-05-09 00:19:07,1.73311,1.7335500000000001
1150,2023-05-09 00:19:09,1.733095,1.733535
1152,2023-05-09 00:19:11,1.73313,1.7335699999999998
1154,2023-05-09 00:19:13,1.73318,1.7336200000000002
1155,2023-05-09 00:19:15,1.7332,1.7336399999999998
1156,2023-05-09 00:19:16,1.7332100000000001,1.73365
1157,2023-05-09 00:19:18,1.73327,1.7337099999999999
1158,2023-05-09 00:19:20,1.73332,1.73376
1159,2023-05-09 00:19:21,1.73331,1.7337500000000001
1160,2023-05-09 00:19:23,1.7332999999999998,1.73374
1161,2023-05-09 00:19:25,1.7332800000000002,1.73372
1162,2023-05-09 00:19:30,1.73329,1.73373
1165,2023-05-09 00:19:31,1.73325,1.73369
1166,2023-05-09 00:19:34,1.733235,1.733675
1168,2023-05-09 00:19:35,1.73331,1.7337500000000001
1169,2023-05-09 00:19:39,1.7332800000000002,1.73372
1172,2023-05-09 00:19:40,1.73312,1.73356
1174,2023-05-09 00:19:44,1.73311,1.7335500000000001
1175,2023-05-09 00:19:47,1.73312,1.73356
1176,2023-05-09 00:19:48,1.73309,1.73353
1177,2023-05-09 00:19:49,1.73322,1.73366
1178,2023-05-09 00:19:53,1.73323,1.73367
1179,2023-05-09 00:19:56,1.73319,1.73363
1181,2023-05-09 00:19:57,1.7331599999999998,1.7336
1183,2023-05-09 00:19:58,1.73312,1.7335600000000002
1185,2023-05-09 00:19:59,1.733105,1.7335450000000001
1187,2023-05-09 00:20:00,1.7331699999999999,1.73361
1190,2023-05-09 00:20:01,1.7331699999999999,1.73361
1193,2023-05-09 00:20:02,1.733145,1.733585
1195,2023-05-09 00:20:03,1.73311,1.7335500000000001
1196,2023-05-09 00:20:04,1.7331400000000001,1.73358
1198,2023-05-09 00:20:05,1.73322,1.73366
1199,2023-05-09 00:20:06,1.733235,1.733675
1201,2023-05-09 00:20:07,1.73323,1.73367
1202,2023-05-09 00:20:08,1.733245,1.733685
1204,2023-05-09 00:20:12,1.73323,1.73367
1205,2023-05-09 00:20:15,1.733185,1.733625
1207,2023-05-09 00:20:19,1.7332,1.7336399999999998
1208,2023-05-09 00:20:21,1.733275,1.7337150000000001
1210,2023-05-09 00:20:22,1.733345,1.733785
1212,2023-05-09 00:20:23,1.73334,1.7337799999999999
1213,2023-05-09 00:20:25,1.7332450000000001,1.733685
1217,2023-05-09 00:20:26,1.733375,1.7338149999999999
1219,2023-05-09 00:20:27,1.73338,1.7338200000000001
1220,2023-05-09 00:20:28,1.7334,1.73384
1221,2023-05-09 00:20:29,1.7334100000000001,1.73385
1224,2023-05-09 00:20:32,1.73342,1.73386
1225,2023-05-09 00:20:33,1.73343,1.73387
1226,2023-05-09 00:20:34,1.7334399999999999,1.73388
1227,2023-05-09 00:20:35,1.733435,1.733875
1229,2023-05-09 00:20:36,1.73343,1.73387
1230,2023-05-09 00:20:42,1.73342,1.73386
1231,2023-05-09 00:20:45,1.733415,1.733855
1233,2023-05-09 00:20:46,1.73339,1.73383
1234,2023-05-09 00:20:47,1.7334,1.73384
1235,2023-05-09 00:20:48,1.7333850000000002,1.733825
1237,2023-05-09 00:20:54,1.7334200000000002,1.73386
1239,2023-05-09 00:20:55,1.73338,1.7338200000000001
1240,2023-05-09 00:20:56,1.73339,1.73383
1241,2023-05-09 00:20:58,1.733435,1.733875
1243,2023-05-09 00:20:59,1.7334399999999999,1.73388
1244,2023-05-09 00:21:00,1.73336,1.7338
1247,2023-05-09 00:21:02,1.73325,1.73369
1248,2023-05-09 00:21:05,1.73327,1.7337099999999999
1249,2023-05-09 00:21:06,1.733265,1.733705
1251,2023-05-09 00:21:07,1.73329,1.73373
1253,2023-05-09 00:21:10,1.73333,1.73377
1254,2023-05-09 00:21:11,1.73331,1.7337500000000001
1255,2023-05-09 00:21:15,1.7333,1.73374
1257,2023-05-09 00:21:16,1.73327,1.7337099999999999
1259,2023-05-09 00:21:17,1.73325,1.73369
1260,2023-05-09 00:21:18,1.73327,1.7337099999999999
1261,2023-05-09 00:21:22,1.73331,1.7337500000000001
1262,2023-05-09 00:21:23,1.7332999999999998,1.73374
1264,2023-05-09 00:21:24,1.73333,1.73377
1265,2023-05-09 00:21:25,1.73332,1.73376
1266,2023-05-09 00:21:29,1.73331,1.7337500000000001
1267,2023-05-09 00:21:35,1.733325,1.733765
1269,2023-05-09 00:21:36,1.7332800000000002,1.73372
1272,2023-05-09 00:21:44,1.7332800000000002,1.73372
1273,2023-05-09 00:21:46,1.73327,1.7337099999999999
1274,2023-05-09 00:21:49,1.73326,1.7337
1275,2023-05-09 00:21:50,1.73327,1.7337099999999999
1276,2023-05-09 00:21:56,1.73325,1.73369
1277,2023-05-09 00:22:00,1.733265,1.733705
1279,2023-05-09 00:22:02,1.733485,1.7339250000000002
1283,2023-05-09 00:22:03,1.73354,1.7339799999999999
1286,2023-05-09 00:22:04,1.73353,1.73397
1287,2023-05-09 00:22:06,1.733525,1.733965
1289,2023-05-09 00:22:07,1.7335500000000001,1.73399
1290,2023-05-09 00:22:08,1.73354,1.7339799999999999
1291,2023-05-09 00:22:09,1.7335500000000001,1.73399
1292,2023-05-09 00:22:10,1.73356,1.734
1295,2023-05-09 00:22:12,1.733595,1.734035
1297,2023-05-09 00:22:14,1.73358,1.7340200000000001
1298,2023-05-09 00:22:16,1.73359,1.73403
1299,2023-05-09 00:22:20,1.733555,1.733995
1303,2023-05-09 00:22:21,1.73353,1.73397
1304,2023-05-09 00:22:25,1.7335099999999999,1.73395
1305,2023-05-09 00:22:27,1.73352,1.7339600000000002
1307,2023-05-09 00:22:30,1.733545,1.733985
1309,2023-05-09 00:22:31,1.73366,1.7341000000000002
1311,2023-05-09 00:22:36,1.7336449999999999,1.734085
1313,2023-05-09 00:22:37,1.733655,1.734095
1315,2023-05-09 00:22:41,1.733635,1.734075
1317,2023-05-09 00:22:42,1.733585,1.734025
1319,2023-05-09 00:22:45,1.73357,1.73401
1320,2023-05-09 00:22:46,1.73353,1.73397
1321,2023-05-09 00:22:47,1.73366,1.7341
1325,2023-05-09 00:22:48,1.73377,1.73421
1326,2023-05-09 00:22:49,1.7337500000000001,1.73419
1329,2023-05-09 00:22:50,1.73377,1.73421
1330,2023-05-09 00:22:51,1.7337500000000001,1.73419
1331,2023-05-09 00:22:52,1.7337500000000001,1.73419
1333,2023-05-09 00:22:53,1.733775,1.734215
1335,2023-05-09 00:22:56,1.73379,1.7342300000000002
1336,2023-05-09 00:22:57,1.73372,1.7341600000000001
1339,2023-05-09 00:22:58,1.7337099999999999,1.73415
1340,2023-05-09 00:23:00,1.73372,1.7341600000000001
1343,2023-05-09 00:23:07,1.7336900000000002,1.73413
1345,2023-05-09 00:23:08,1.73365,1.7340900000000001
1346,2023-05-09 00:23:09,1.73366,1.7341
1347,2023-05-09 00:23:10,1.7336,1.73404
1348,2023-05-09 00:23:11,1.7335500000000001,1.73399
1349,2023-05-09 00:23:12,1.73349,1.73393
1350,2023-05-09 00:23:13,1.7335099999999999,1.73395
1353,2023-05-09 00:23:14,1.73345,1.7338900000000002
1355,2023-05-09 00:23:15,1.73343,1.73387
1356,2023-05-09 00:23:18,1.73345,1.7338900000000002
1357,2023-05-09 00:23:21,1.733485,1.733925
1359,2023-05-09 00:23:22,1.73347,1.7339099999999998
1360,2023-05-09 00:23:24,1.7334800000000001,1.73392
1361,2023-05-09 00:23:26,1.73346,1.7339
1362,2023-05-09 00:23:27,1.73346,1.7339
1364,2023-05-09 00:23:28,1.73346,1.7339
1365,2023-05-09 00:23:29,1.7336200000000002,1.73406
1367,2023-05-09 00:23:30,1.7336200000000002,1.73406
1370,2023-05-09 00:23:32,1.7336,1.73404
1371,2023-05-09 00:23:33,1.733565,1.734005
1373,2023-05-09 00:23:36,1.73353,1.73397
1374,2023-05-09 00:23:37,1.7336,1.73404
1377,2023-05-09 00:23:41,1.73361,1.7340499999999999
1378,2023-05-09 00:23:42,1.7336200000000002,1.73406
1379,2023-05-09 00:23:46,1.73365,1.7340900000000001
1380,2023-05-09 00:23:47,1.73361,1.7340499999999999
1384,2023-05-09 00:23:48,1.73358,1.7340200000000001
1385,2023-05-09 00:23:49,1.7336,1.73404
1386,2023-05-09 00:23:50,1.73358,1.7340200000000001
1387,2023-05-09 00:23:52,1.73361,1.7340499999999999
1388,2023-05-09 00:23:55,1.73359,1.73403
1390,2023-05-09 00:23:56,1.73356,1.734
1392,2023-05-09 00:23:57,1.7336,1.73404
1393,2023-05-09 00:23:59,1.73363,1.73407
1394,2023-05-09 00:24:00,1.7336200000000002,1.73406
1396,2023-05-09 00:24:02,1.7336200000000002,1.73406
1397,2023-05-09 00:24:07,1.733785,1.7342250000000001
1399,2023-05-09 00:24:08,1.73383,1.73427
1402,2023-05-09 00:24:09,1.7338300000000002,1.73427
1404,2023-05-09 00:24:11,1.73383,1.73427
1405,2023-05-09 00:24:17,1.73385,1.73429
1406,2023-05-09 00:24:18,1.73386,1.7343
1409,2023-05-09 00:24:21,1.73388,1.7343199999999999
1411,2023-05-09 00:24:23,1.733825,1.734265
1415,2023-05-09 00:24:24,1.7338,1.73424
1416,2023-05-09 00:24:28,1.7339099999999998,1.73435
1419,2023-05-09 00:24:29,1.73394,1.73438
1422,2023-05-09 00:24:30,1.73393,1.7343700000000002
1424,2023-05-09 00:24:31,1.73384,1.73428
1427,2023-05-09 00:24:32,1.73383,1.73427
1428,2023-05-09 00:24:35,1.7339449999999998,1.734385
1430,2023-05-09 00:24:36,1.73397,1.73441
1431,2023-05-09 00:24:37,1.733965,1.734405
1435,2023-05-09 00:24:38,1.733945,1.734385
1437,2023-05-09 00:24:39,1.73395,1.7343899999999999
1438,2023-05-09 00:24:40,1.73392,1.7343600000000001
1439,2023-05-09 00:24:41,1.733945,1.734385
1441,2023-05-09 00:24:42,1.73392,1.7343600000000001
1445,2023-05-09 00:24:44,1.73394,1.73438
1446,2023-05-09 00:24:45,1.73393,1.73437
1450,2023-05-09 00:24:46,1.7339099999999998,1.73435
1451,2023-05-09 00:24:47,1.73383,1.73427
1455,2023-05-09 00:24:48,1.73385,1.73429
1458,2023-05-09 00:24:49,1.73393,1.73437
1459,2023-05-09 00:24:50,1.73394,1.73438
1462,2023-05-09 00:24:51,1.73392,1.7343600000000001
1465,2023-05-09 00:24:52,1.7339099999999998,1.73435
1469,2023-05-09 00:24:55,1.73393,1.73437
1470,2023-05-09 00:24:57,1.733925,1.734365
1472,2023-05-09 00:24:58,1.7339149999999999,1.734355
1474,2023-05-09 00:24:59,1.73383,1.73427
1477,2023-05-09 00:25:00,1.73384,1.73428
1478,2023-05-09 00:25:01,1.73394,1.73438
1479,2023-05-09 00:25:02,1.73395,1.7343899999999999
1480,2023-05-09 00:25:03,1.73396,1.7344
1481,2023-05-09 00:25:04,1.733965,1.734405
1483,2023-05-09 00:25:05,1.733945,1.734385
1485,2023-05-09 00:25:07,1.73393,1.73437
1486,2023-05-09 00:25:08,1.73394,1.73438
1487,2023-05-09 00:25:09,1.73392,1.7343600000000001
1490,2023-05-09 00:25:10,1.73393,1.73437
1491,2023-05-09 00:25:11,1.73393,1.73437
1494,2023-05-09 00:25:13,1.7339099999999998,1.73435
1495,2023-05-09 00:25:16,1.73392,1.7343600000000001
1496,2023-05-09 00:25:19,1.73395,1.7343899999999999
1499,2023-05-09 00:25:21,1.73396,1.7344
1500,2023-05-09 00:25:23,1.73393,1.73437
1502,2023-05-09 00:25:24,1.73392,1.7343600000000001
1503,2023-05-09 00:25:26,1.73394,1.7343799999999998
1505,2023-05-09 00:25:27,1.733965,1.734405
1507,2023-05-09 00:25:28,1.73396,1.7344
1508,2023-05-09 00:25:31,1.733945,1.734385
1510,2023-05-09 00:25:32,1.733955,1.734395
1512,2023-05-09 00:25:35,1.733935,1.734375
1514,2023-05-09 00:25:39,1.733925,1.734365
1516,2023-05-09 00:25:40,1.73392,1.7343600000000001
1518,2023-05-09 00:25:44,1.73393,1.7343700000000002
1520,2023-05-09 00:25:45,1.733935,1.734375
1522,2023-05-09 00:25:46,1.7339,1.73434
1524,2023-05-09 00:25:47,1.7338850000000001,1.734325
1526,2023-05-09 00:25:48,1.733895,1.734335
1528,2023-05-09 00:25:49,1.7338900000000002,1.73433
1531,2023-05-09 00:25:50,1.7338900000000002,1.73433
1532,2023-05-09 00:25:51,1.733865,1.734305
1534,2023-05-09 00:25:52,1.73384,1.73428
1535,2023-05-09 00:25:53,1.7338399999999998,1.73428
1537,2023-05-09 00:25:59,1.73383,1.73427
1538,2023-05-09 00:26:00,1.73385,1.73429
1539,2023-05-09 00:26:04,1.73384,1.73428
1540,2023-05-09 00:26:07,1.7338200000000001,1.73426
1541,2023-05-09 00:26:08,1.73383,1.73427
1542,2023-05-09 00:26:09,1.73381,1.7342499999999998
1545,2023-05-09 00:26:10,1.73368,1.7341199999999999
1548,2023-05-09 00:26:12,1.73361,1.7340499999999999
1549,2023-05-09 00:26:14,1.73357,1.73401
1550,2023-05-09 00:26:16,1.73358,1.7340200000000001
1551,2023-05-09 00:26:17,1.733635,1.7340749999999998
1553,2023-05-09 00:26:18,1.73367,1.73411
1554,2023-05-09 00:26:20,1.73363,1.73407
1556,2023-05-09 00:26:25,1.73359,1.73403
1557,2023-05-09 00:26:26,1.73363,1.73407
1559,2023-05-09 00:26:30,1.7336,1.73404
1562,2023-05-09 00:26:31,1.73365,1.7340900000000001
1563,2023-05-09 00:26:36,1.733665,1.734105
1565,2023-05-09 00:26:37,1.73363,1.73407
1566,2023-05-09 00:26:38,1.7336200000000002,1.73406
1569,2023-05-09 00:26:39,1.73361,1.7340499999999999
1570,2023-05-09 00:26:40,1.73363,1.73407
1573,2023-05-09 00:26:42,1.7336200000000002,1.73406
1574,2023-05-09 00:26:46,1.73365,1.7340900000000001
1575,2023-05-09 00:26:47,1.7336200000000002,1.73406
1577,2023-05-09 00:26:50,1.7336200000000002,1.73406
1578,2023-05-09 00:26:51,1.73358,1.7340200000000001
1581,2023-05-09 00:26:53,1.73358,1.7340200000000001
1583,2023-05-09 00:26:54,1.7335099999999999,1.73395
1585,2023-05-09 00:26:55,1.73349,1.73393
1586,2023-05-09 00:26:56,1.7335,1.73394
1587,2023-05-09 00:27:00,1.73349,1.73393
1588,2023-05-09 00:27:01,1.7334800000000001,1.73392
1591,2023-05-09 00:27:02,1.7334800000000001,1.73392
1592,2023-05-09 00:27:03,1.7335,1.73394
1593,2023-05-09 00:27:04,1.733495,1.733935
1595,2023-05-09 00:27:05,1.73349,1.73393
1596,2023-05-09 00:27:06,1.7334800000000001,1.73392
1597,2023-05-09 00:27:08,1.73333,1.73377
1598,2023-05-09 00:27:11,1.7332800000000002,1.73372
1599,2023-05-09 00:27:12,1.73331,1.7337500000000001
1600,2023-05-09 00:27:13,1.73332,1.73376
1601,2023-05-09 00:27:21,1.73324,1.73368
1602,2023-05-09 00:27:22,1.733255,1.733695
1604,2023-05-09 00:27:29,1.733285,1.733725
1606,2023-05-09 00:27:30,1.73324,1.73368
1607,2023-05-09 00:27:31,1.733225,1.733665
1609,2023-05-09 00:27:32,1.7331699999999999,1.73361
1610,2023-05-09 00:27:33,1.73318,1.7336200000000002
1611,2023-05-09 00:27:35,1.73316,1.7336
1612,2023-05-09 00:27:36,1.7331699999999999,1.73361
1613,2023-05-09 00:27:39,1.7332,1.7336399999999998
1614,2023-05-09 00:27:41,1.73318,1.7336200000000002
1615,2023-05-09 00:27:42,1.7331500000000002,1.73359
1617,2023-05-09 00:27:43,1.7331699999999999,1.73361
1618,2023-05-09 00:27:44,1.7331400000000001,1.73358
1619,2023-05-09 00:27:46,1.73315,1.73359
1620,2023-05-09 00:27:47,1.7331400000000001,1.73358
1623,2023-05-09 00:27:56,1.7331400000000001,1.73358
1624,2023-05-09 00:27:57,1.73313,1.7335699999999998
1626,2023-05-09 00:27:59,1.7332049999999999,1.733645
1628,2023-05-09 00:28:00,1.733235,1.733675
1630,2023-05-09 00:28:01,1.7332,1.7336399999999998
1631,2023-05-09 00:28:03,1.73323,1.73367
1632,2023-05-09 00:28:04,1.733275,1.7337150000000001
1634,2023-05-09 00:28:07,1.73323,1.73367
1635,2023-05-09 00:28:10,1.73324,1.73368
1636,2023-05-09 00:28:11,1.73326,1.7337
1637,2023-05-09 00:28:13,1.7332800000000002,1.73372
1638,2023-05-09 00:28:17,1.73327,1.7337099999999999
1640,2023-05-09 00:28:18,1.733255,1.733695
1642,2023-05-09 00:28:21,1.73327,1.7337099999999999
1643,2023-05-09 00:28:22,1.73329,1.73373
1644,2023-05-09 00:28:23,1.73332,1.73376
1645,2023-05-09 00:28:24,1.73333,1.73377
1646,2023-05-09 00:28:28,1.73334,1.7337799999999999
1647,2023-05-09 00:28:29,1.73323,1.73367
1648,2023-05-09 00:28:30,1.7332049999999999,1.733645
1650,2023-05-09 00:28:36,1.73324,1.73368
1651,2023-05-09 00:28:38,1.73331,1.7337500000000001
1652,2023-05-09 00:28:39,1.7332999999999998,1.73374
1653,2023-05-09 00:28:41,1.73332,1.73376
1654,2023-05-09 00:28:43,1.73325,1.73369
1656,2023-05-09 00:28:44,1.7331400000000001,1.73358
1659,2023-05-09 00:28:45,1.73312,1.73356
1660,2023-05-09 00:28:46,1.73313,1.73357
1661,2023-05-09 00:28:47,1.73311,1.7335500000000001
1662,2023-05-09 00:28:48,1.7330999999999999,1.73354
1663,2023-05-09 00:28:49,1.73311,1.7335500000000001
1664,2023-05-09 00:28:52,1.73309,1.73353
1665,2023-05-09 00:29:00,1.7330999999999999,1.73354
1667,2023-05-09 00:29:04,1.73313,1.73357
1668,2023-05-09 00:29:06,1.73315,1.73359
1669,2023-05-09 00:29:11,1.7331699999999999,1.73361
1670,2023-05-09 00:29:13,1.73316,1.7336
1671,2023-05-09 00:29:18,1.733045,1.733485
1673,2023-05-09 00:29:20,1.7330100000000002,1.73345
1675,2023-05-09 00:29:22,1.73299,1.73343
1676,2023-05-09 00:29:23,1.732975,1.733415
1678,2023-05-09 00:29:24,1.73299,1.73343
1679,2023-05-09 00:29:25,1.7330100000000002,1.73345
1680,2023-05-09 00:29:28,1.7330299999999998,1.73347
1681,2023-05-09 00:29:29,1.73298,1.73342
1682,2023-05-09 00:29:35,1.732995,1.733435
1684,2023-05-09 00:29:36,1.73295,1.73339
1685,2023-05-09 00:29:37,1.7329599999999998,1.7334
1686,2023-05-09 00:29:43,1.73298,1.7334200000000002
1688,2023-05-09 00:29:45,1.732945,1.733385
1690,2023-05-09 00:29:46,1.73295,1.73339
1691,2023-05-09 00:29:48,1.73297,1.7334100000000001
1692,2023-05-09 00:29:50,1.7329599999999998,1.7334
1693,2023-05-09 00:29:51,1.73297,1.7334100000000001
1694,2023-05-09 00:29:52,1.73298,1.73342
1695,2023-05-09 00:29:53,1.73302,1.73346
1697,2023-05-09 00:29:54,1.7330299999999998,1.73347
1698,2023-05-09 00:29:58,1.73304,1.7334800000000001
1699,2023-05-09 00:29:59,1.7330299999999998,1.73347
1700,2023-05-09 00:30:00,1.733045,1.733485
1702,2023-05-09 00:30:01,1.7330299999999998,1.73347
1703,2023-05-09 00:30:03,1.73304,1.7334800000000001
1704,2023-05-09 00:30:04,1.73304,1.7334800000000001
1707,2023-05-09 00:30:05,1.733,1.7334399999999999
1708,2023-05-09 00:30:08,1.73299,1.73343
1709,2023-05-09 00:30:09,1.732985,1.733425
1711,2023-05-09 00:30:15,1.7330050000000001,1.733445
1713,2023-05-09 00:30:17,1.733,1.7334399999999999
1714,2023-05-09 00:30:18,1.73299,1.7334299999999998
1716,2023-05-09 00:30:19,1.73297,1.7334100000000001
1717,2023-05-09 00:30:20,1.7330100000000002,1.73345
1718,2023-05-09 00:30:23,1.73302,1.73346
1719,2023-05-09 00:30:24,1.7329649999999999,1.733405
1721,2023-05-09 00:30:26,1.73299,1.73343
1722,2023-05-09 00:30:27,1.73297,1.7334100000000001
1723,2023-05-09 00:30:28,1.7329599999999998,1.7334
1724,2023-05-09 00:30:30,1.732955,1.733395
1726,2023-05-09 00:30:31,1.732955,1.733395
1728,2023-05-09 00:30:35,1.73297,1.7334100000000001
1729,2023-05-09 00:30:40,1.73298,1.73342
1730,2023-05-09 00:30:43,1.73297,1.7334100000000001
1731,2023-05-09 00:30:46,1.7330299999999998,1.73347
1732,2023-05-09 00:30:49,1.73302,1.73346
1733,2023-05-09 00:30:50,1.7330050000000001,1.733445
1735,2023-05-09 00:30:57,1.73302,1.73346
1736,2023-05-09 00:30:59,1.733,1.7334399999999999
1737,2023-05-09 00:31:00,1.733,1.7334399999999999
1738,2023-05-09 00:31:02,1.73302,1.73346
1739,2023-05-09 00:31:03,1.733015,1.733455
1741,2023-05-09 00:31:04,1.7330299999999998,1.73347
1743,2023-05-09 00:31:05,1.733015,1.733455
1745,2023-05-09 00:31:09,1.73299,1.73343
1746,2023-05-09 00:31:10,1.7330100000000002,1.73345
1747,2023-05-09 00:31:13,1.73299,1.73343
1748,2023-05-09 00:31:14,1.732975,1.733415
1750,2023-05-09 00:31:16,1.73293,1.7333699999999999
1753,2023-05-09 00:31:18,1.7329400000000001,1.73338
1754,2023-05-09 00:31:24,1.7329350000000001,1.7333749999999999
1756,2023-05-09 00:31:29,1.73295,1.73339
1757,2023-05-09 00:31:31,1.733,1.7334399999999999
1760,2023-05-09 00:31:32,1.7330050000000001,1.733445
1762,2023-05-09 00:31:34,1.733,1.7334399999999999
1763,2023-05-09 00:31:35,1.7330100000000002,1.73345
1764,2023-05-09 00:31:42,1.73299,1.73343
1765,2023-05-09 00:31:43,1.7329599999999998,1.7334
1768,2023-05-09 00:31:50,1.73292,1.73336
1769,2023-05-09 00:31:51,1.7328999999999999,1.73334
1770,2023-05-09 00:31:54,1.7328700000000001,1.73331
1771,2023-05-09 00:31:57,1.73288,1.73332
1774,2023-05-09 00:31:59,1.732885,1.733325
1776,2023-05-09 00:32:00,1.73288,1.73332
1777,2023-05-09 00:32:01,1.7328700000000001,1.73331
1778,2023-05-09 00:32:02,1.732885,1.733325
1780,2023-05-09 00:32:04,1.73292,1.73336
1781,2023-05-09 00:32:07,1.73297,1.7334100000000001
1784,2023-05-09 00:32:09,1.73299,1.73343
1785,2023-05-09 00:32:12,1.733,1.7334399999999999
1786,2023-05-09 00:32:13,1.7330100000000002,1.73345
1787,2023-05-09 00:32:19,1.733,1.7334399999999999
1788,2023-05-09 00:32:25,1.733045,1.733485
1792,2023-05-09 00:32:26,1.7330299999999998,1.73347
1793,2023-05-09 00:32:28,1.73304,1.7334800000000001
1794,2023-05-09 00:32:32,1.73306,1.7335
1795,2023-05-09 00:32:34,1.73308,1.73352
1796,2023-05-09 00:32:35,1.73307,1.7335099999999999
1797,2023-05-09 00:32:41,1.73309,1.73353
1798,2023-05-09 00:32:42,1.733115,1.733555
1800,2023-05-09 00:32:43,1.7330999999999999,1.73354
1801,2023-05-09 00:32:44,1.733155,1.733595
1803,2023-05-09 00:32:45,1.73313,1.73357
1806,2023-05-09 00:32:50,1.73319,1.73363
1807,2023-05-09 00:32:55,1.73315,1.73359
1808,2023-05-09 00:33:00,1.73315,1.73359
1809,2023-05-09 00:33:01,1.73327,1.7337099999999999
1812,2023-05-09 00:33:02,1.7332800000000002,1.73372
1813,2023-05-09 00:33:11,1.73327,1.7337099999999999
1814,2023-05-09 00:33:12,1.733235,1.733675
1816,2023-05-09 00:33:16,1.733365,1.733805
1818,2023-05-09 00:33:18,1.73339,1.73383
1819,2023-05-09 00:33:26,1.73338,1.7338200000000001
1821,2023-05-09 00:33:28,1.73338,1.7338200000000001
1822,2023-05-09 00:33:30,1.7334399999999999,1.73388
1823,2023-05-09 00:33:33,1.73346,1.7339
1824,2023-05-09 00:33:34,1.73345,1.7338900000000002
1825,2023-05-09 00:33:35,1.73347,1.7339099999999998
1826,2023-05-09 00:33:36,1.73346,1.7339
1828,2023-05-09 00:33:37,1.733355,1.733795
1830,2023-05-09 00:33:38,1.7333699999999999,1.73381
1832,2023-05-09 00:33:39,1.7334100000000001,1.73385
1833,2023-05-09 00:33:40,1.73339,1.7338300000000002
1835,2023-05-09 00:33:42,1.7333599999999998,1.7338
1837,2023-05-09 00:33:43,1.7333699999999999,1.73381
1838,2023-05-09 00:33:44,1.73338,1.7338200000000001
1839,2023-05-09 00:33:45,1.7334,1.73384
1840,2023-05-09 00:33:46,1.73339,1.73383
1842,2023-05-09 00:33:47,1.733465,1.733905
1844,2023-05-09 00:33:50,1.73345,1.7338900000000002
1845,2023-05-09 00:33:52,1.73339,1.73383
1846,2023-05-09 00:33:55,1.7333699999999999,1.73381
1847,2023-05-09 00:33:56,1.73334,1.7337799999999999
1848,2023-05-09 00:34:00,1.733345,1.733785
1850,2023-05-09 00:34:06,1.73334,1.7337799999999999
1851,2023-05-09 00:34:07,1.73332,1.73376
1852,2023-05-09 00:34:16,1.73324,1.73368
1854,2023-05-09 00:34:23,1.73316,1.7336
1855,2023-05-09 00:34:24,1.73318,1.7336200000000002
1856,2023-05-09 00:34:30,1.73319,1.73363
1857,2023-05-09 00:34:33,1.73318,1.7336200000000002
1858,2023-05-09 00:34:34,1.73319,1.73363
1859,2023-05-09 00:34:36,1.7331699999999999,1.73361
1860,2023-05-09 00:34:41,1.73318,1.7336200000000002
1861,2023-05-09 00:34:42,1.73315,1.73359
1862,2023-05-09 00:34:46,1.7331400000000001,1.73358
1863,2023-05-09 00:34:50,1.73315,1.73359
1864,2023-05-09 00:34:53,1.73316,1.7336
1865,2023-05-09 00:34:54,1.73315,1.73359
1866,2023-05-09 00:34:55,1.7331400000000001,1.73358
1867,2023-05-09 00:34:56,1.7331699999999999,1.73361
1868,2023-05-09 00:34:57,1.733165,1.733605
1870,2023-05-09 00:34:58,1.7331400000000001,1.73358
1871,2023-05-09 00:34:59,1.733145,1.733585
1873,2023-05-09 00:35:00,1.7331400000000001,1.73358
1874,2023-05-09 00:35:04,1.7331699999999999,1.73361
1875,2023-05-09 00:35:05,1.7331400000000001,1.73358
1878,2023-05-09 00:35:06,1.7330999999999999,1.73354
1879,2023-05-09 00:35:07,1.73309,1.73353
1880,2023-05-09 00:35:08,1.7330999999999999,1.73354
1881,2023-05-09 00:35:09,1.73309,1.73353
1882,2023-05-09 00:35:10,1.73308,1.73352
1883,2023-05-09 00:35:12,1.73309,1.73353
1884,2023-05-09 00:35:17,1.733045,1.733485
1886,2023-05-09 00:35:24,1.73305,1.73349
1887,2023-05-09 00:35:27,1.733025,1.733465
1889,2023-05-09 00:35:30,1.73304,1.7334800000000001
1890,2023-05-09 00:35:31,1.7330349999999999,1.733475
1892,2023-05-09 00:35:35,1.73308,1.73352
1894,2023-05-09 00:35:36,1.73305,1.73349
1895,2023-05-09 00:35:38,1.73304,1.7334800000000001
1896,2023-05-09 00:35:45,1.73305,1.73349
1897,2023-05-09 00:35:47,1.7330299999999998,1.73347
1898,2023-05-09 00:35:49,1.73306,1.7335
1899,2023-05-09 00:35:50,1.73307,1.7335099999999999
1900,2023-05-09 00:35:52,1.73312,1.73356
1901,2023-05-09 00:35:56,1.73313,1.73357
1902,2023-05-09 00:35:57,1.73312,1.73356
1903,2023-05-09 00:35:58,1.73319,1.73363
1904,2023-05-09 00:35:59,1.7331699999999999,1.73361
1905,2023-05-09 00:36:00,1.733155,1.733595
1907,2023-05-09 00:36:01,1.73316,1.7336
1908,2023-05-09 00:36:03,1.73318,1.7336200000000002
1909,2023-05-09 00:36:06,1.733175,1.7336150000000001
1911,2023-05-09 00:36:11,1.73315,1.73359
1912,2023-05-09 00:36:12,1.7332,1.7336399999999998
1913,2023-05-09 00:36:14,1.7332100000000001,1.73365
1914,2023-05-09 00:36:17,1.73319,1.73363
1915,2023-05-09 00:36:21,1.73322,1.73366
1916,2023-05-09 00:36:26,1.7331699999999999,1.73361
1917,2023-05-09 00:36:27,1.733145,1.7335850000000002
1919,2023-05-09 00:36:29,1.73311,1.7335500000000001
1920,2023-05-09 00:36:30,1.733285,1.733725
1922,2023-05-09 00:36:32,1.73334,1.7337799999999999
1923,2023-05-09 00:36:34,1.73329,1.73373
1924,2023-05-09 00:36:41,1.73334,1.7337799999999999
1925,2023-05-09 00:36:46,1.73325,1.73369
1926,2023-05-09 00:36:49,1.733225,1.733665
1928,2023-05-09 00:36:53,1.7332100000000001,1.73365
1929,2023-05-09 00:36:54,1.7332,1.7336399999999998
1930,2023-05-09 00:36:57,1.7332450000000001,1.733685
1932,2023-05-09 00:37:00,1.73327,1.7337099999999999
1933,2023-05-09 00:37:03,1.73325,1.73369
1934,2023-05-09 00:37:04,1.733405,1.733845
1936,2023-05-09 00:37:05,1.73339,1.73383
1938,2023-05-09 00:37:08,1.73336,1.7338
1939,2023-05-09 00:37:15,1.7333599999999998,1.7338
1941,2023-05-09 00:37:17,1.73336,1.7338
1942,2023-05-09 00:37:20,1.73335,1.73379
1943,2023-05-09 00:37:21,1.7334,1.73384
1944,2023-05-09 00:37:23,1.73337,1.73381
1946,2023-05-09 00:37:26,1.7334100000000001,1.73385
1947,2023-05-09 00:37:27,1.73338,1.7338200000000001
1948,2023-05-09 00:37:28,1.73345,1.7338900000000002
1950,2023-05-09 00:37:30,1.7335,1.73394
1951,2023-05-09 00:37:31,1.73349,1.73393
1952,2023-05-09 00:37:32,1.7334900000000002,1.73393
1954,2023-05-09 00:37:33,1.73343,1.73387
1957,2023-05-09 00:37:35,1.7334,1.73384
1958,2023-05-09 00:37:38,1.73339,1.73383
1959,2023-05-09 00:37:46,1.733425,1.733865
1961,2023-05-09 00:37:47,1.73353,1.73397
1962,2023-05-09 00:37:48,1.733565,1.7340049999999998
1964,2023-05-09 00:37:49,1.73355,1.73399
1966,2023-05-09 00:37:52,1.7335,1.73394
1967,2023-05-09 00:37:53,1.73346,1.7339
1968,2023-05-09 00:37:56,1.73336,1.7338
1969,2023-05-09 00:37:59,1.73332,1.7337600000000002
1971,2023-05-09 00:38:00,1.73326,1.7337
1972,2023-05-09 00:38:01,1.7332699999999999,1.73371
1974,2023-05-09 00:38:02,1.733285,1.733725
1976,2023-05-09 00:38:03,1.73329,1.73373
1977,2023-05-09 00:38:05,1.7332999999999998,1.73374
1978,2023-05-09 00:38:14,1.73325,1.73369
1979,2023-05-09 00:38:16,1.73326,1.7337
1980,2023-05-09 00:38:19,1.7332800000000002,1.73372
1981,2023-05-09 00:38:21,1.73326,1.7337
1982,2023-05-09 00:38:26,1.7332800000000002,1.73372
1983,2023-05-09 00:38:28,1.73324,1.73368
1984,2023-05-09 00:38:29,1.7332049999999999,1.733645
1986,2023-05-09 00:38:36,1.73329,1.73373
1987,2023-05-09 00:38:38,1.7332999999999998,1.73374
1988,2023-05-09 00:38:39,1.7333699999999999,1.73381
1989,2023-05-09 00:38:41,1.73323,1.73367
1992,2023-05-09 00:38:42,1.73319,1.73363
1993,2023-05-09 00:38:47,1.73316,1.7336
1994,2023-05-09 00:38:50,1.7331400000000001,1.73358
1995,2023-05-09 00:38:51,1.73315,1.73359
1996,2023-05-09 00:38:52,1.733195,1.733635
1998,2023-05-09 00:38:54,1.7331400000000001,1.73358
2000,2023-05-09 00:38:55,1.7332100000000001,1.73365
2001,2023-05-09 00:38:57,1.73323,1.73367
2002,2023-05-09 00:38:59,1.73312,1.73356
2003,2023-05-09 00:39:00,1.73312,1.73356
2004,2023-05-09 00:39:01,1.7330999999999999,1.73354
2005,2023-05-09 00:39:04,1.73315,1.73359
2006,2023-05-09 00:39:07,1.73325,1.7336900000000002
2010,2023-05-09 00:39:11,1.73332,1.73376
2013,2023-05-09 00:39:13,1.7332800000000002,1.73372
2014,2023-05-09 00:39:14,1.73327,1.7337099999999999
2015,2023-05-09 00:39:15,1.73319,1.73363
2017,2023-05-09 00:39:16,1.733195,1.733635
2019,2023-05-09 00:39:17,1.73326,1.7337
2020,2023-05-09 00:39:18,1.7332100000000001,1.73365
2021,2023-05-09 00:39:20,1.73327,1.7337099999999999
2022,2023-05-09 00:39:23,1.7332100000000001,1.73365
2023,2023-05-09 00:39:24,1.7332,1.7336399999999998
2024,2023-05-09 00:39:25,1.73315,1.73359
2025,2023-05-09 00:39:26,1.73311,1.7335500000000001
2026,2023-05-09 00:39:27,1.7330999999999999,1.73354
2027,2023-05-09 00:39:33,1.73312,1.73356
2028,2023-05-09 00:39:34,1.73304,1.7334800000000001
2029,2023-05-09 00:39:36,1.73306,1.7335
2030,2023-05-09 00:39:39,1.73312,1.73356
2031,2023-05-09 00:39:40,1.733135,1.7335749999999999
2033,2023-05-09 00:39:42,1.7331699999999999,1.73361
2035,2023-05-09 00:39:44,1.7332100000000001,1.73365
2037,2023-05-09 00:39:47,1.7332,1.7336399999999998
2038,2023-05-09 00:39:49,1.73322,1.73366
2039,2023-05-09 00:39:50,1.73323,1.73367
2040,2023-05-09 00:39:52,1.73319,1.73363
2042,2023-05-09 00:39:53,1.7331699999999999,1.73361
2043,2023-05-09 00:39:54,1.73318,1.7336200000000002
2044,2023-05-09 00:39:55,1.7330999999999999,1.73354
2047,2023-05-09 00:39:57,1.73319,1.73363
2048,2023-05-09 00:40:00,1.733185,1.733625
2050,2023-05-09 00:40:01,1.73319,1.73363
2051,2023-05-09 00:40:02,1.73315,1.73359
2052,2023-05-09 00:40:03,1.733205,1.7336449999999999
2054,2023-05-09 00:40:04,1.73326,1.7337
2055,2023-05-09 00:40:06,1.73324,1.73368
2056,2023-05-09 00:40:07,1.73323,1.73367
2057,2023-05-09 00:40:10,1.73334,1.7337799999999999
2060,2023-05-09 00:40:11,1.73326,1.7337
2062,2023-05-09 00:40:15,1.73325,1.73369
2063,2023-05-09 00:40:16,1.73332,1.73376
2065,2023-05-09 00:40:19,1.73335,1.73379
2066,2023-05-09 00:40:21,1.73334,1.7337799999999999
2067,2023-05-09 00:40:22,1.733345,1.733785
2069,2023-05-09 00:40:23,1.73336,1.7338
2070,2023-05-09 00:40:25,1.73333,1.73377
2071,2023-05-09 00:40:28,1.73332,1.73376
2072,2023-05-09 00:40:30,1.73336,1.7338
2073,2023-05-09 00:40:31,1.733325,1.733765
2075,2023-05-09 00:40:32,1.7333699999999999,1.73381
2076,2023-05-09 00:40:33,1.7334100000000001,1.73385
2077,2023-05-09 00:40:34,1.73342,1.73386
2078,2023-05-09 00:40:35,1.733405,1.733845
2080,2023-05-09 00:40:36,1.73338,1.7338200000000001
2081,2023-05-09 00:40:38,1.73339,1.73383
2083,2023-05-09 00:40:39,1.73335,1.73379
2084,2023-05-09 00:40:41,1.733375,1.7338149999999999
2086,2023-05-09 00:40:42,1.7334,1.73384
2087,2023-05-09 00:40:45,1.73338,1.7338200000000001
2088,2023-05-09 00:40:47,1.7334100000000001,1.73385
2089,2023-05-09 00:40:49,1.73345,1.7338900000000002
2090,2023-05-09 00:40:50,1.73342,1.73386
2091,2023-05-09 00:40:51,1.7334049999999999,1.733845
2093,2023-05-09 00:40:52,1.7334100000000001,1.73385
2094,2023-05-09 00:40:53,1.7333699999999999,1.73381
2095,2023-05-09 00:40:55,1.7334100000000001,1.73385
2096,2023-05-09 00:40:57,1.7334,1.73384
2097,2023-05-09 00:41:00,1.73342,1.73386
2098,2023-05-09 00:41:01,1.7333699999999999,1.73381
2099,2023-05-09 00:41:04,1.73338,1.7338200000000001
2100,2023-05-09 00:41:08,1.7334399999999999,1.73388
2101,2023-05-09 00:41:11,1.7334100000000001,1.73385
2102,2023-05-09 00:41:13,1.73339,1.73383
2103,2023-05-09 00:41:15,1.7334100000000001,1.73385
2104,2023-05-09 00:41:17,1.733425,1.733865
2106,2023-05-09 00:41:19,1.73339,1.7338300000000002
2108,2023-05-09 00:41:20,1.73339,1.73383
2111,2023-05-09 00:41:23,1.73334,1.7337799999999999
2112,2023-05-09 00:41:26,1.73335,1.73379
2113,2023-05-09 00:41:29,1.73334,1.7337799999999999
2114,2023-05-09 00:41:30,1.73335,1.73379
2115,2023-05-09 00:41:31,1.7333,1.73374
2117,2023-05-09 00:41:32,1.73333,1.73377
2118,2023-05-09 00:41:33,1.73335,1.73379
2119,2023-05-09 00:41:34,1.7332999999999998,1.73374
2120,2023-05-09 00:41:35,1.73329,1.73373
2121,2023-05-09 00:41:36,1.7333699999999999,1.73381
2122,2023-05-09 00:41:37,1.73341,1.7338500000000001
2124,2023-05-09 00:41:39,1.73345,1.7338900000000002
2125,2023-05-09 00:41:41,1.73342,1.73386
2126,2023-05-09 00:41:46,1.7334399999999999,1.73388
2127,2023-05-09 00:41:47,1.73339,1.73383
2128,2023-05-09 00:41:48,1.7333749999999999,1.733815
2130,2023-05-09 00:41:49,1.7334100000000001,1.73385
2131,2023-05-09 00:41:52,1.7334,1.73384
2132,2023-05-09 00:41:54,1.7334049999999999,1.733845
2134,2023-05-09 00:41:59,1.73343,1.73387
2135,2023-05-09 00:42:00,1.73343,1.73387
2136,2023-05-09 00:42:01,1.73339,1.73383
2137,2023-05-09 00:42:04,1.7334,1.73384
2139,2023-05-09 00:42:05,1.733415,1.733855
2141,2023-05-09 00:42:08,1.73335,1.73379
2142,2023-05-09 00:42:11,1.7333399999999999,1.73378
2144,2023-05-09 00:42:12,1.7333349999999998,1.733775
2146,2023-05-09 00:42:13,1.73336,1.7338
2147,2023-05-09 00:42:14,1.73331,1.7337500000000001
2148,2023-05-09 00:42:16,1.73336,1.7338
2149,2023-05-09 00:42:18,1.7333699999999999,1.73381
2150,2023-05-09 00:42:19,1.7334,1.73384
2152,2023-05-09 00:42:22,1.73342,1.73386
2154,2023-05-09 00:42:27,1.73338,1.7338200000000001
2155,2023-05-09 00:42:28,1.73333,1.73377
2156,2023-05-09 00:42:30,1.73334,1.7337799999999999
2157,2023-05-09 00:42:32,1.73333,1.73377
2158,2023-05-09 00:42:39,1.7333699999999999,1.73381
2159,2023-05-09 00:42:41,1.73336,1.7338
2160,2023-05-09 00:42:43,1.73335,1.73379
2161,2023-05-09 00:42:48,1.73334,1.7337799999999999
2162,2023-05-09 00:42:50,1.73335,1.73379
2163,2023-05-09 00:42:56,1.7334,1.73384
2164,2023-05-09 00:42:58,1.73339,1.73383
2165,2023-05-09 00:43:00,1.73339,1.73383
2166,2023-05-09 00:43:02,1.73338,1.7338200000000001
2167,2023-05-09 00:43:04,1.73339,1.73383
2168,2023-05-09 00:43:08,1.7334,1.73384
2169,2023-05-09 00:43:09,1.73336,1.7338
2170,2023-05-09 00:43:10,1.733375,1.7338149999999999
2172,2023-05-09 00:43:14,1.73339,1.73383
2173,2023-05-09 00:43:16,1.7334100000000001,1.73385
2174,2023-05-09 00:43:21,1.73343,1.73387
2175,2023-05-09 00:43:22,1.73336,1.7338
2178,2023-05-09 00:43:28,1.733365,1.7338049999999998
2180,2023-05-09 00:43:29,1.7333699999999999,1.73381
2181,2023-05-09 00:43:33,1.73331,1.7337500000000001
2182,2023-05-09 00:43:34,1.73332,1.73376
2184,2023-05-09 00:43:35,1.73333,1.73377
2185,2023-05-09 00:43:40,1.7333699999999999,1.73381
2186,2023-05-09 00:43:55,1.73335,1.73379
2187,2023-05-09 00:43:57,1.73338,1.7338200000000001
2188,2023-05-09 00:43:58,1.73336,1.7338
2191,2023-05-09 00:44:00,1.73338,1.7338200000000001
2192,2023-05-09 00:44:05,1.73334,1.7337799999999999
2193,2023-05-09 00:44:09,1.7332699999999999,1.73371
2195,2023-05-09 00:44:10,1.7333699999999999,1.73381
2196,2023-05-09 00:44:12,1.73334,1.7337799999999999
2197,2023-05-09 00:44:15,1.733335,1.733775
2199,2023-05-09 00:44:17,1.7332999999999998,1.73374
2200,2023-05-09 00:44:18,1.73329,1.73373
2201,2023-05-09 00:44:19,1.73334,1.7337799999999999
2202,2023-05-09 00:44:22,1.73331,1.7337500000000001
2203,2023-05-09 00:44:24,1.73332,1.73376
2204,2023-05-09 00:44:25,1.73333,1.73377
2205,2023-05-09 00:44:28,1.73331,1.7337500000000001
2206,2023-05-09 00:44:33,1.73334,1.7337799999999999
2207,2023-05-09 00:44:40,1.73329,1.73373
2208,2023-05-09 00:44:41,1.73324,1.73368
2209,2023-05-09 00:44:44,1.73325,1.73369
2210,2023-05-09 00:44:45,1.73319,1.73363
2211,2023-05-09 00:44:46,1.733255,1.733695
2213,2023-05-09 00:44:49,1.733225,1.733665
2215,2023-05-09 00:44:50,1.7332100000000001,1.73365
2216,2023-05-09 00:44:51,1.7331699999999999,1.73361
2217,2023-05-09 00:44:52,1.7331050000000001,1.733545
2219,2023-05-09 00:44:53,1.7330649999999999,1.733505
2221,2023-05-09 00:44:58,1.73309,1.73353
2222,2023-05-09 00:44:59,1.73305,1.73349
2223,2023-05-09 00:45:00,1.73305,1.73349
2224,2023-05-09 00:45:01,1.73309,1.73353
2225,2023-05-09 00:45:04,1.7330999999999999,1.73354
2226,2023-05-09 00:45:06,1.73309,1.73353
2227,2023-05-09 00:45:16,1.73311,1.7335500000000001
2228,2023-05-09 00:45:18,1.7331400000000001,1.73358
2229,2023-05-09 00:45:20,1.73312,1.73356
2230,2023-05-09 00:45:21,1.7331699999999999,1.73361
2231,2023-05-09 00:45:22,1.73322,1.73366
2232,2023-05-09 00:45:26,1.733295,1.7337349999999998
2234,2023-05-09 00:45:28,1.7332800000000002,1.73372
2235,2023-05-09 00:45:33,1.733295,1.7337349999999998
2237,2023-05-09 00:45:35,1.733315,1.733755
2239,2023-05-09 00:45:36,1.73324,1.73368
2240,2023-05-09 00:45:39,1.73325,1.73369
2241,2023-05-09 00:45:41,1.73327,1.7337099999999999
2242,2023-05-09 00:45:47,1.73329,1.73373
2243,2023-05-09 00:45:48,1.7333100000000001,1.73375
2245,2023-05-09 00:45:49,1.73334,1.7337799999999999
2246,2023-05-09 00:45:51,1.7332800000000002,1.73372
2247,2023-05-09 00:45:52,1.7333150000000002,1.733755
2249,2023-05-09 00:45:54,1.73334,1.7337799999999999
2250,2023-05-09 00:45:55,1.7332999999999998,1.73374
2253,2023-05-09 00:45:56,1.73335,1.73379
2254,2023-05-09 00:45:58,1.73336,1.7338
2255,2023-05-09 00:46:00,1.73336,1.7338
2256,2023-05-09 00:46:02,1.73338,1.7338200000000001
2257,2023-05-09 00:46:05,1.73335,1.73379
2258,2023-05-09 00:46:07,1.7332999999999998,1.73374
2259,2023-05-09 00:46:08,1.7332750000000001,1.733715
2261,2023-05-09 00:46:09,1.7333,1.73374
2263,2023-05-09 00:46:11,1.7332800000000002,1.73372
2264,2023-05-09 00:46:12,1.73323,1.73367
2265,2023-05-09 00:46:13,1.7332299999999998,1.73367
2267,2023-05-09 00:46:14,1.73324,1.73368
2268,2023-05-09 00:46:15,1.73326,1.7337
2269,2023-05-09 00:46:17,1.733235,1.7336749999999999
2271,2023-05-09 00:46:18,1.73319,1.73363
2272,2023-05-09 00:46:21,1.7332,1.7336399999999998
2273,2023-05-09 00:46:22,1.73324,1.73368
2274,2023-05-09 00:46:24,1.733255,1.733695
2276,2023-05-09 00:46:25,1.733255,1.733695
2278,2023-05-09 00:46:30,1.7332800000000002,1.73372
2279,2023-05-09 00:46:35,1.73329,1.73373
2280,2023-05-09 00:46:37,1.733245,1.733685
2282,2023-05-09 00:46:38,1.73322,1.73366
2283,2023-05-09 00:46:39,1.7332200000000002,1.73366
2285,2023-05-09 00:46:41,1.73326,1.7337
2286,2023-05-09 00:46:42,1.73327,1.7337099999999999
2287,2023-05-09 00:46:43,1.73331,1.7337500000000001
2288,2023-05-09 00:46:45,1.73325,1.73369
2289,2023-05-09 00:46:46,1.73324,1.73368
2290,2023-05-09 00:46:47,1.73326,1.7337
2291,2023-05-09 00:46:50,1.73327,1.7337099999999999
2292,2023-05-09 00:46:51,1.73326,1.7337
2293,2023-05-09 00:46:52,1.73325,1.73369
2295,2023-05-09 00:46:53,1.73324,1.73368
2296,2023-05-09 00:46:55,1.73333,1.73377
2298,2023-05-09 00:46:56,1.733355,1.733795
2300,2023-05-09 00:46:58,1.7333699999999999,1.73381
2301,2023-05-09 00:47:00,1.7333699999999999,1.73381
2302,2023-05-09 00:47:05,1.73342,1.73386
2303,2023-05-09 00:47:06,1.73343,1.73387
2304,2023-05-09 00:47:08,1.733435,1.733875
2306,2023-05-09 00:47:10,1.7334399999999999,1.73388
2307,2023-05-09 00:47:13,1.733395,1.733835
2309,2023-05-09 00:47:16,1.73342,1.73386
2312,2023-05-09 00:47:17,1.7334200000000002,1.73386
2314,2023-05-09 00:47:19,1.73338,1.7338200000000001
2315,2023-05-09 00:47:22,1.73336,1.7338
2316,2023-05-09 00:47:23,1.7334,1.7338399999999998
2318,2023-05-09 00:47:24,1.7334100000000001,1.73385
2319,2023-05-09 00:47:27,1.73338,1.7338200000000001
2320,2023-05-09 00:47:30,1.7334,1.73384
2321,2023-05-09 00:47:31,1.73339,1.73383
2322,2023-05-09 00:47:32,1.7334,1.73384
2323,2023-05-09 00:47:34,1.733395,1.733835
2325,2023-05-09 00:47:35,1.73336,1.7338
2326,2023-05-09 00:47:38,1.7334,1.73384
2328,2023-05-09 00:47:40,1.73343,1.73387
2329,2023-05-09 00:47:41,1.7334399999999999,1.73388
2330,2023-05-09 00:47:44,1.73343,1.73387
2331,2023-05-09 00:47:48,1.7334399999999999,1.73388
2333,2023-05-09 00:47:49,1.73345,1.7338900000000002
2334,2023-05-09 00:47:56,1.733445,1.7338850000000001
2336,2023-05-09 00:47:59,1.73346,1.7339
2337,2023-05-09 00:48:00,1.73346,1.7339
2338,2023-05-09 00:48:01,1.7334399999999999,1.73388
2339,2023-05-09 00:48:02,1.733445,1.7338850000000001
2341,2023-05-09 00:48:10,1.73345,1.7338900000000002
2344,2023-05-09 00:48:11,1.7334999999999998,1.73394
2346,2023-05-09 00:48:12,1.7335,1.73394
2347,2023-05-09 00:48:13,1.7334399999999999,1.73388
2348,2023-05-09 00:48:14,1.733445,1.7338850000000001
2350,2023-05-09 00:48:15,1.733455,1.733895
2352,2023-05-09 00:48:16,1.7335,1.73394
2353,2023-05-09 00:48:17,1.733535,1.733975
2355,2023-05-09 00:48:18,1.733555,1.733995
2357,2023-05-09 00:48:19,1.73356,1.734
2358,2023-05-09 00:48:20,1.73358,1.7340200000000001
2361,2023-05-09 00:48:22,1.73357,1.73401
2362,2023-05-09 00:48:23,1.733565,1.734005
2364,2023-05-09 00:48:24,1.73354,1.7339799999999999
2365,2023-05-09 00:48:25,1.733555,1.733995
2367,2023-05-09 00:48:26,1.73359,1.73403
2368,2023-05-09 00:48:27,1.73358,1.7340200000000001
2370,2023-05-09 00:48:29,1.73359,1.73403
2372,2023-05-09 00:48:30,1.7336,1.73404
2373,2023-05-09 00:48:31,1.7336,1.73404
2376,2023-05-09 00:48:33,1.73363,1.73407
2378,2023-05-09 00:48:34,1.73363,1.73407
2379,2023-05-09 00:48:36,1.73365,1.7340900000000001
2380,2023-05-09 00:48:37,1.7336399999999998,1.73408
2381,2023-05-09 00:48:38,1.73363,1.73407
2382,2023-05-09 00:48:39,1.73365,1.7340900000000001
2383,2023-05-09 00:48:40,1.73366,1.7341
2384,2023-05-09 00:48:44,1.73366,1.7341000000000002
2386,2023-05-09 00:48:47,1.73361,1.7340499999999999
2388,2023-05-09 00:48:49,1.7335500000000001,1.73399
2389,2023-05-09 00:48:50,1.73352,1.73396
2392,2023-05-09 00:48:52,1.73352,1.7339600000000002
2394,2023-05-09 00:48:54,1.73352,1.73396
2395,2023-05-09 00:48:55,1.7335500000000001,1.73399
2396,2023-05-09 00:48:57,1.73352,1.73396
2397,2023-05-09 00:48:59,1.733505,1.733945
2399,2023-05-09 00:49:00,1.73352,1.7339600000000002
2401,2023-05-09 00:49:01,1.7335099999999999,1.73395
2402,2023-05-09 00:49:02,1.733495,1.733935
2404,2023-05-09 00:49:03,1.73349,1.73393
2405,2023-05-09 00:49:05,1.7335,1.73394
2408,2023-05-09 00:49:06,1.733485,1.733925
2412,2023-05-09 00:49:07,1.7335150000000001,1.733955
2414,2023-05-09 00:49:09,1.7335099999999999,1.73395
2415,2023-05-09 00:49:11,1.7335,1.73394
2416,2023-05-09 00:49:13,1.73354,1.7339799999999999
2417,2023-05-09 00:49:15,1.73352,1.73396
2418,2023-05-09 00:49:16,1.7335099999999999,1.73395
2419,2023-05-09 00:49:17,1.73352,1.73396
2422,2023-05-09 00:49:18,1.7335,1.73394
2423,2023-05-09 00:49:21,1.7334800000000001,1.73392
2424,2023-05-09 00:49:22,1.73352,1.73396
2425,2023-05-09 00:49:24,1.7335,1.73394
2426,2023-05-09 00:49:32,1.73347,1.7339099999999998
2427,2023-05-09 00:49:34,1.73346,1.7339
2428,2023-05-09 00:49:36,1.73347,1.7339099999999998
2429,2023-05-09 00:49:37,1.73346,1.7339
2430,2023-05-09 00:49:38,1.73347,1.7339099999999998
2431,2023-05-09 00:49:41,1.73349,1.73393
2432,2023-05-09 00:49:42,1.73343,1.73387
2433,2023-05-09 00:49:43,1.73342,1.73386
2434,2023-05-09 00:49:44,1.73343,1.73387
2435,2023-05-09 00:49:47,1.73342,1.73386
2438,2023-05-09 00:49:49,1.73345,1.7338900000000002
2439,2023-05-09 00:49:50,1.7334399999999999,1.73388
2442,2023-05-09 00:49:54,1.73352,1.73396
2443,2023-05-09 00:49:59,1.73352,1.73396
2446,2023-05-09 00:50:00,1.73359,1.73403
2447,2023-05-09 00:50:01,1.7335500000000001,1.73399
2449,2023-05-09 00:50:02,1.73357,1.73401
2450,2023-05-09 00:50:03,1.73358,1.7340200000000001
2451,2023-05-09 00:50:05,1.733505,1.733945
2453,2023-05-09 00:50:06,1.73349,1.73393
2454,2023-05-09 00:50:07,1.7334800000000001,1.73392
2455,2023-05-09 00:50:09,1.73346,1.7339
2456,2023-05-09 00:50:12,1.73347,1.7339099999999998
2457,2023-05-09 00:50:13,1.73346,1.7339
2458,2023-05-09 00:50:15,1.73345,1.7338900000000002
2459,2023-05-09 00:50:17,1.733465,1.733905
2461,2023-05-09 00:50:20,1.73346,1.7339
2462,2023-05-09 00:50:22,1.73347,1.7339099999999998
2463,2023-05-09 00:50:25,1.73346,1.7339
2464,2023-05-09 00:50:26,1.7334800000000001,1.73392
2465,2023-05-09 00:50:28,1.73347,1.7339099999999998
2466,2023-05-09 00:50:30,1.73354,1.7339799999999999
2469,2023-05-09 00:50:34,1.7336200000000002,1.73406
2472,2023-05-09 00:50:35,1.7338900000000002,1.73433
2476,2023-05-09 00:50:36,1.7339099999999998,1.73435
2479,2023-05-09 00:50:37,1.73387,1.73431
2480,2023-05-09 00:50:39,1.7338850000000001,1.734325
2482,2023-05-09 00:50:41,1.7338850000000001,1.734325
2484,2023-05-09 00:50:43,1.73385,1.73429
2485,2023-05-09 00:50:44,1.733835,1.734275
2487,2023-05-09 00:50:45,1.733725,1.734165
2491,2023-05-09 00:50:47,1.73361,1.7340499999999999
2492,2023-05-09 00:50:48,1.7336,1.73404
2493,2023-05-09 00:50:50,1.7336399999999998,1.73408
2494,2023-05-09 00:50:52,1.73359,1.7340300000000002
2496,2023-05-09 00:50:54,1.733585,1.734025
2498,2023-05-09 00:50:56,1.73361,1.7340499999999999
2499,2023-05-09 00:50:58,1.73358,1.7340200000000001
2500,2023-05-09 00:51:00,1.73358,1.7340200000000001
2501,2023-05-09 00:51:01,1.73357,1.73401
2504,2023-05-09 00:51:02,1.73363,1.73407
2505,2023-05-09 00:51:04,1.73357,1.73401
2508,2023-05-09 00:51:05,1.733565,1.734005
2510,2023-05-09 00:51:06,1.73353,1.73397
2511,2023-05-09 00:51:09,1.73352,1.73396
2512,2023-05-09 00:51:11,1.73347,1.73391
2514,2023-05-09 00:51:13,1.73345,1.7338900000000002
2515,2023-05-09 00:51:14,1.7335099999999999,1.73395
2516,2023-05-09 00:51:15,1.73352,1.73396
2517,2023-05-09 00:51:17,1.73353,1.73397
2518,2023-05-09 00:51:18,1.7335,1.73394
2519,2023-05-09 00:51:19,1.733555,1.7339950000000002
2521,2023-05-09 00:51:20,1.7335600000000002,1.734
2523,2023-05-09 00:51:22,1.7335099999999999,1.73395
2524,2023-05-09 00:51:28,1.733505,1.7339449999999998
2526,2023-05-09 00:51:30,1.7335,1.73394
2527,2023-05-09 00:51:33,1.73353,1.73397
2528,2023-05-09 00:51:34,1.7334800000000001,1.73392
2529,2023-05-09 00:51:36,1.73349,1.73393
2530,2023-05-09 00:51:37,1.7334800000000001,1.73392
2531,2023-05-09 00:51:39,1.7335,1.73394
2532,2023-05-09 00:51:40,1.73349,1.73393
2533,2023-05-09 00:51:41,1.73342,1.73386
2534,2023-05-09 00:51:43,1.73354,1.7339799999999999
2537,2023-05-09 00:51:44,1.73356,1.734
2538,2023-05-09 00:51:45,1.7336,1.73404
2539,2023-05-09 00:51:47,1.73361,1.7340499999999999
2540,2023-05-09 00:51:49,1.7336200000000002,1.73406
2541,2023-05-09 00:51:59,1.73365,1.7340900000000001
2542,2023-05-09 00:52:00,1.73365,1.7340900000000001
2545,2023-05-09 00:52:01,1.73363,1.73407
2546,2023-05-09 00:52:02,1.73361,1.7340499999999999
2547,2023-05-09 00:52:05,1.7336200000000002,1.73406
2548,2023-05-09 00:52:09,1.733585,1.734025
2550,2023-05-09 00:52:10,1.7336200000000002,1.73406
2551,2023-05-09 00:52:12,1.73361,1.7340499999999999
2552,2023-05-09 00:52:13,1.733605,1.734045
2554,2023-05-09 00:52:19,1.73367,1.73411
2555,2023-05-09 00:52:20,1.7338,1.73424
2556,2023-05-09 00:52:22,1.73373,1.73417
2557,2023-05-09 00:52:23,1.73374,1.73418
2560,2023-05-09 00:52:24,1.73373,1.73417
2561,2023-05-09 00:52:26,1.73369,1.73413
2562,2023-05-09 00:52:27,1.7337,1.73414
2563,2023-05-09 00:52:28,1.73376,1.7342
2564,2023-05-09 00:52:32,1.7337099999999999,1.73415
2566,2023-05-09 00:52:34,1.73374,1.73418
2567,2023-05-09 00:52:35,1.73377,1.73421
2568,2023-05-09 00:52:37,1.73372,1.7341600000000001
2569,2023-05-09 00:52:38,1.7337099999999999,1.73415
2570,2023-05-09 00:52:39,1.7337,1.73414
2571,2023-05-09 00:52:41,1.7337099999999999,1.73415
2572,2023-05-09 00:52:44,1.7336449999999999,1.734085
2574,2023-05-09 00:52:45,1.73368,1.7341199999999999
2575,2023-05-09 00:52:48,1.73366,1.7341
2576,2023-05-09 00:52:50,1.73368,1.7341199999999999
2577,2023-05-09 00:52:51,1.73369,1.73413
2578,2023-05-09 00:52:54,1.733685,1.7341250000000001
2580,2023-05-09 00:52:55,1.73376,1.7342
2581,2023-05-09 00:52:56,1.7337,1.73414
2582,2023-05-09 00:52:59,1.73372,1.7341600000000001
2583,2023-05-09 00:53:00,1.73372,1.7341600000000001
2584,2023-05-09 00:53:01,1.73374,1.73418
2585,2023-05-09 00:53:03,1.73375,1.7341900000000001
2587,2023-05-09 00:53:05,1.73379,1.7342300000000002
2588,2023-05-09 00:53:08,1.7338200000000001,1.73426
2589,2023-05-09 00:53:11,1.73384,1.73428
2590,2023-05-09 00:53:12,1.7338200000000001,1.73426
2591,2023-05-09 00:53:13,1.733785,1.7342250000000001
2593,2023-05-09 00:53:15,1.73379,1.7342300000000002
2594,2023-05-09 00:53:18,1.73377,1.73421
2595,2023-05-09 00:53:20,1.7337799999999999,1.73422
2596,2023-05-09 00:53:23,1.73377,1.73421
2597,2023-05-09 00:53:24,1.733775,1.734215
2599,2023-05-09 00:53:25,1.7337500000000001,1.73419
2600,2023-05-09 00:53:26,1.73373,1.73417
2601,2023-05-09 00:53:29,1.73372,1.7341600000000001
2602,2023-05-09 00:53:30,1.73373,1.73417
2603,2023-05-09 00:53:31,1.733725,1.734165
2605,2023-05-09 00:53:32,1.7337500000000001,1.73419
2606,2023-05-09 00:53:34,1.73372,1.7341600000000001
2608,2023-05-09 00:53:35,1.7337099999999999,1.73415
2609,2023-05-09 00:53:38,1.7337,1.73414
2610,2023-05-09 00:53:41,1.73369,1.73413
2611,2023-05-09 00:53:42,1.73374,1.73418
2612,2023-05-09 00:53:43,1.73367,1.73411
2615,2023-05-09 00:53:44,1.73363,1.73407
2616,2023-05-09 00:53:50,1.733595,1.734035
2618,2023-05-09 00:53:59,1.7336,1.73404
2619,2023-05-09 00:54:00,1.73354,1.7339799999999999
2620,2023-05-09 00:54:01,1.7335500000000001,1.73399
2621,2023-05-09 00:54:02,1.73357,1.73401
2622,2023-05-09 00:54:04,1.7336,1.73404
2623,2023-05-09 00:54:05,1.73361,1.7340499999999999
2624,2023-05-09 00:54:08,1.73358,1.7340200000000001
2625,2023-05-09 00:54:10,1.73361,1.7340499999999999
2626,2023-05-09 00:54:11,1.73363,1.73407
2627,2023-05-09 00:54:14,1.73358,1.7340200000000001
2628,2023-05-09 00:54:15,1.73363,1.73407
2629,2023-05-09 00:54:16,1.7336900000000002,1.73413
2631,2023-05-09 00:54:17,1.73366,1.7341
2632,2023-05-09 00:54:21,1.73376,1.7342
2633,2023-05-09 00:54:26,1.733755,1.7341950000000002
2635,2023-05-09 00:54:27,1.73372,1.7341600000000001
2636,2023-05-09 00:54:29,1.73376,1.7342
2637,2023-05-09 00:54:31,1.73373,1.73417
2638,2023-05-09 00:54:32,1.73372,1.7341600000000001
2639,2023-05-09 00:54:34,1.7336649999999998,1.734105
2641,2023-05-09 00:54:36,1.73358,1.7340200000000001
2644,2023-05-09 00:54:38,1.73357,1.73401
2645,2023-05-09 00:54:39,1.73353,1.73397
2646,2023-05-09 00:54:40,1.73358,1.7340200000000001
2647,2023-05-09 00:54:41,1.7335099999999999,1.73395
2648,2023-05-09 00:54:42,1.73358,1.7340200000000001
2649,2023-05-09 00:54:43,1.733565,1.734005
2651,2023-05-09 00:54:44,1.73363,1.73407
2652,2023-05-09 00:54:47,1.7336200000000002,1.73406
2655,2023-05-09 00:54:51,1.7336200000000002,1.73406
2656,2023-05-09 00:54:52,1.733605,1.734045
2658,2023-05-09 00:54:53,1.7336,1.73404
2661,2023-05-09 00:54:54,1.73358,1.7340200000000001
2662,2023-05-09 00:54:56,1.73358,1.7340200000000001
2664,2023-05-09 00:54:57,1.7335500000000001,1.73399
2667,2023-05-09 00:54:59,1.73357,1.73401
2671,2023-05-09 00:55:00,1.73379,1.7342300000000002
2674,2023-05-09 00:55:01,1.73376,1.7342
2675,2023-05-09 00:55:02,1.73387,1.73431
2678,2023-05-09 00:55:03,1.73392,1.7343600000000001
2679,2023-05-09 00:55:05,1.73381,1.7342499999999998
2682,2023-05-09 00:55:06,1.73373,1.73417
2685,2023-05-09 00:55:09,1.733705,1.734145
2687,2023-05-09 00:55:10,1.733795,1.734235
2689,2023-05-09 00:55:16,1.7338,1.73424
2690,2023-05-09 00:55:19,1.73377,1.73421
2691,2023-05-09 00:55:20,1.73381,1.7342499999999998
2692,2023-05-09 00:55:21,1.73377,1.73421
2693,2023-05-09 00:55:22,1.7338200000000001,1.73426
2694,2023-05-09 00:55:24,1.7337799999999999,1.73422
2695,2023-05-09 00:55:25,1.73379,1.7342300000000002
2696,2023-05-09 00:55:26,1.73376,1.7342
2697,2023-05-09 00:55:29,1.73377,1.73421
2698,2023-05-09 00:55:31,1.7337799999999999,1.73422
2699,2023-05-09 00:55:33,1.73377,1.73421
2700,2023-05-09 00:55:36,1.7339250000000002,1.734365
2702,2023-05-09 00:55:37,1.733975,1.7344149999999998
2704,2023-05-09 00:55:39,1.7341600000000001,1.7346
2706,2023-05-09 00:55:40,1.73413,1.73457
2707,2023-05-09 00:55:41,1.73411,1.73455
2708,2023-05-09 00:55:42,1.7341199999999999,1.73456
2709,2023-05-09 00:55:44,1.7340900000000001,1.73453
2710,2023-05-09 00:55:47,1.7341,1.73454
2711,2023-05-09 00:55:48,1.73411,1.73455
2712,2023-05-09 00:55:49,1.734095,1.734535
2714,2023-05-09 00:55:52,1.7341,1.73454
2715,2023-05-09 00:55:56,1.73411,1.73455
2716,2023-05-09 00:55:58,1.7341,1.73454
2717,2023-05-09 00:56:00,1.7340650000000002,1.734505
2721,2023-05-09 00:56:01,1.73407,1.73451
2724,2023-05-09 00:56:02,1.73392,1.7343600000000001
2725,2023-05-09 00:56:03,1.73396,1.7344
2726,2023-05-09 00:56:04,1.7339799999999999,1.73442
2727,2023-05-09 00:56:06,1.73399,1.7344300000000001
2728,2023-05-09 00:56:09,1.73401,1.73445
2729,2023-05-09 00:56:10,1.73396,1.7344
2730,2023-05-09 00:56:11,1.7339600000000002,1.7344
2732,2023-05-09 00:56:12,1.73393,1.73437
2735,2023-05-09 00:56:13,1.7340200000000001,1.73446
2736,2023-05-09 00:56:15,1.73399,1.7344300000000001
2737,2023-05-09 00:56:17,1.73392,1.7343600000000001
2738,2023-05-09 00:56:18,1.7339099999999998,1.73435
2739,2023-05-09 00:56:20,1.73393,1.73437
2740,2023-05-09 00:56:22,1.73392,1.7343600000000001
2741,2023-05-09 00:56:24,1.73388,1.7343199999999999
2742,2023-05-09 00:56:26,1.73392,1.7343600000000001
2743,2023-05-09 00:56:27,1.73397,1.73441
2744,2023-05-09 00:56:29,1.73394,1.73438
2745,2023-05-09 00:56:31,1.73393,1.73437
2746,2023-05-09 00:56:33,1.73396,1.7344
2747,2023-05-09 00:56:35,1.7339099999999998,1.73435
2748,2023-05-09 00:56:41,1.73394,1.73438
2749,2023-05-09 00:56:42,1.73392,1.7343600000000001
2750,2023-05-09 00:56:43,1.7339099999999998,1.73435
2751,2023-05-09 00:56:45,1.73393,1.73437
2752,2023-05-09 00:56:47,1.734,1.73444
2755,2023-05-09 00:56:49,1.73401,1.73445
2756,2023-05-09 00:56:50,1.73399,1.7344300000000001
2757,2023-05-09 00:56:51,1.73397,1.73441
2758,2023-05-09 00:56:52,1.733965,1.7344050000000002
2760,2023-05-09 00:56:53,1.73393,1.73437
2761,2023-05-09 00:56:54,1.73394,1.73438
2762,2023-05-09 00:56:55,1.7339799999999999,1.73442
2763,2023-05-09 00:56:57,1.73399,1.7344300000000001
2764,2023-05-09 00:56:59,1.73396,1.7344
2765,2023-05-09 00:57:00,1.73396,1.7344
2766,2023-05-09 00:57:01,1.73394,1.73438
2767,2023-05-09 00:57:02,1.734,1.73444
2768,2023-05-09 00:57:03,1.73401,1.73445
2769,2023-05-09 00:57:04,1.733995,1.734435
2771,2023-05-09 00:57:07,1.73396,1.7344
2772,2023-05-09 00:57:11,1.73399,1.7344300000000001
2773,2023-05-09 00:57:20,1.7340200000000001,1.73446
2774,2023-05-09 00:57:22,1.73401,1.73445
2775,2023-05-09 00:57:23,1.73399,1.7344300000000001
2776,2023-05-09 00:57:24,1.734,1.73444
2777,2023-05-09 00:57:26,1.73401,1.73445
2778,2023-05-09 00:57:27,1.734,1.73444
2779,2023-05-09 00:57:29,1.73399,1.7344300000000001
2780,2023-05-09 00:57:32,1.7339799999999999,1.73442
2781,2023-05-09 00:57:35,1.73407,1.73451
2782,2023-05-09 00:57:37,1.73406,1.7345000000000002
2783,2023-05-09 00:57:38,1.7340499999999999,1.73449
2784,2023-05-09 00:57:47,1.73404,1.73448
2787,2023-05-09 00:57:48,1.73404,1.73448
2788,2023-05-09 00:57:50,1.734015,1.734455
2790,2023-05-09 00:57:56,1.7340200000000001,1.73446
2791,2023-05-09 00:57:57,1.73397,1.73441
2792,2023-05-09 00:57:58,1.73393,1.73437
2793,2023-05-09 00:58:00,1.73397,1.73441
2796,2023-05-09 00:58:03,1.73394,1.73438
2797,2023-05-09 00:58:10,1.7337449999999999,1.734185
2801,2023-05-09 00:58:11,1.73367,1.73411
2802,2023-05-09 00:58:13,1.7337,1.73414
2804,2023-05-09 00:58:17,1.73369,1.73413
2805,2023-05-09 00:58:18,1.733725,1.734165
2807,2023-05-09 00:58:19,1.73369,1.73413
2808,2023-05-09 00:58:23,1.73368,1.7341199999999999
2809,2023-05-09 00:58:26,1.73369,1.73413
2810,2023-05-09 00:58:34,1.73372,1.7341600000000001
2811,2023-05-09 00:58:36,1.733715,1.7341550000000001
2813,2023-05-09 00:58:41,1.7337099999999999,1.73415
2814,2023-05-09 00:58:42,1.7337349999999998,1.734175
2816,2023-05-09 00:58:46,1.73373,1.73417
2817,2023-05-09 00:58:47,1.7337799999999999,1.73422
2818,2023-05-09 00:58:48,1.733865,1.734305
2820,2023-05-09 00:58:49,1.7338900000000002,1.73433
2821,2023-05-09 00:58:50,1.7338850000000001,1.734325
2823,2023-05-09 00:58:51,1.73382,1.73426
2827,2023-05-09 00:58:52,1.73377,1.73421
2828,2023-05-09 00:58:53,1.7337799999999999,1.73422
2829,2023-05-09 00:58:55,1.7338,1.73424
2830,2023-05-09 00:58:59,1.73377,1.73421
2831,2023-05-09 00:59:00,1.73377,1.73421
2832,2023-05-09 00:59:02,1.73379,1.7342300000000002
2835,2023-05-09 00:59:04,1.73381,1.7342499999999998
2836,2023-05-09 00:59:06,1.73377,1.73421
2837,2023-05-09 00:59:07,1.733725,1.734165
2839,2023-05-09 00:59:11,1.73368,1.7341199999999999
2840,2023-05-09 00:59:12,1.73369,1.73413
2841,2023-05-09 00:59:13,1.7337099999999999,1.73415
2842,2023-05-09 00:59:15,1.733665,1.734105
2844,2023-05-09 00:59:17,1.73365,1.7340900000000001
2845,2023-05-09 00:59:23,1.7336399999999998,1.73408
2846,2023-05-09 00:59:29,1.73365,1.7340900000000001
2847,2023-05-09 00:59:34,1.73367,1.73411
2848,2023-05-09 00:59:35,1.73366,1.7341
2849,2023-05-09 00:59:37,1.73363,1.73407
2851,2023-05-09 00:59:38,1.73366,1.7341
2852,2023-05-09 00:59:41,1.73365,1.7340900000000001
2853,2023-05-09 00:59:43,1.73366,1.7341
2854,2023-05-09 00:59:45,1.73366,1.7341000000000002
2856,2023-05-09 00:59:49,1.73368,1.7341199999999999
2857,2023-05-09 00:59:51,1.73369,1.73413
2858,2023-05-09 00:59:57,1.7337,1.73414
2859,2023-05-09 01:00:00,1.7337,1.73414
2860,2023-05-09 01:00:01,1.7337099999999999,1.73415
2861,2023-05-09 01:00:02,1.73373,1.73417
2862,2023-05-09 01:00:04,1.7337500000000001,1.73419
2863,2023-05-09 01:00:05,1.73372,1.7341600000000001
2864,2023-05-09 01:00:07,1.733895,1.734335
2866,2023-05-09 01:00:09,1.73392,1.7343600000000001
2867,2023-05-09 01:00:10,1.733875,1.734315
2869,2023-05-09 01:00:13,1.73384,1.73428
2870,2023-05-09 01:00:14,1.73381,1.7342499999999998
2871,2023-05-09 01:00:16,1.73379,1.7342300000000002
2872,2023-05-09 01:00:17,1.7338,1.73424
2873,2023-05-09 01:00:18,1.7338200000000001,1.73426
2874,2023-05-09 01:00:20,1.73384,1.73428
2875,2023-05-09 01:00:23,1.733825,1.734265
2877,2023-05-09 01:00:26,1.73383,1.73427
2878,2023-05-09 01:00:27,1.733825,1.734265
2880,2023-05-09 01:00:28,1.73387,1.73431
2881,2023-05-09 01:00:31,1.73386,1.7343
2882,2023-05-09 01:00:33,1.73387,1.73431
2883,2023-05-09 01:00:34,1.73388,1.7343199999999999
2884,2023-05-09 01:00:35,1.7338900000000002,1.73433
2885,2023-05-09 01:00:37,1.733905,1.734345
2887,2023-05-09 01:00:38,1.73388,1.7343199999999999
2889,2023-05-09 01:00:41,1.73388,1.7343199999999999
2890,2023-05-09 01:00:42,1.7339099999999998,1.73435
2891,2023-05-09 01:00:44,1.73393,1.73437
2892,2023-05-09 01:00:46,1.733935,1.734375
2894,2023-05-09 01:00:48,1.7339600000000002,1.7344
2896,2023-05-09 01:00:49,1.73395,1.7343899999999999
2897,2023-05-09 01:00:52,1.73394,1.73438
2898,2023-05-09 01:00:55,1.733915,1.7343549999999999
2900,2023-05-09 01:00:59,1.73385,1.73429
2901,2023-05-09 01:01:00,1.7338399999999998,1.73428
2903,2023-05-09 01:01:02,1.73388,1.7343199999999999
2904,2023-05-09 01:01:03,1.7339,1.73434
2905,2023-05-09 01:01:04,1.73386,1.7343
2907,2023-05-09 01:01:10,1.733805,1.734245
2909,2023-05-09 01:01:11,1.7338,1.73424
2910,2023-05-09 01:01:12,1.73381,1.7342499999999998
2911,2023-05-09 01:01:13,1.7337799999999999,1.73422
2912,2023-05-09 01:01:16,1.7338,1.73424
2914,2023-05-09 01:01:18,1.7338200000000001,1.73426
2916,2023-05-09 01:01:19,1.73381,1.7342499999999998
2918,2023-05-09 01:01:21,1.73379,1.7342300000000002
2919,2023-05-09 01:01:22,1.7337799999999999,1.73422
2920,2023-05-09 01:01:24,1.7338200000000001,1.73426
2921,2023-05-09 01:01:26,1.73381,1.7342499999999998
2922,2023-05-09 01:01:31,1.73379,1.7342300000000002
2925,2023-05-09 01:01:32,1.7338,1.73424
2926,2023-05-09 01:01:33,1.73384,1.73428
2927,2023-05-09 01:01:35,1.73385,1.73429
2928,2023-05-09 01:01:36,1.73386,1.7343
2929,2023-05-09 01:01:38,1.73383,1.73427
2930,2023-05-09 01:01:40,1.73386,1.7343
2932,2023-05-09 01:01:44,1.73387,1.73431
2933,2023-05-09 01:01:46,1.73388,1.7343199999999999
2934,2023-05-09 01:01:47,1.7338900000000002,1.73433
2935,2023-05-09 01:01:48,1.73387,1.73431
2936,2023-05-09 01:01:49,1.73386,1.7343
2937,2023-05-09 01:01:50,1.73383,1.73427
2938,2023-05-09 01:01:51,1.7338200000000001,1.73426
2939,2023-05-09 01:01:52,1.7338550000000001,1.734295
2941,2023-05-09 01:01:53,1.7338900000000002,1.73433
2942,2023-05-09 01:01:55,1.7339,1.73434
2943,2023-05-09 01:01:57,1.73388,1.7343199999999999
2944,2023-05-09 01:01:59,1.73387,1.73431
2945,2023-05-09 01:02:00,1.73387,1.73431
2946,2023-05-09 01:02:01,1.733875,1.734315
2948,2023-05-09 01:02:02,1.7338200000000001,1.73426
2949,2023-05-09 01:02:05,1.73383,1.73427
2950,2023-05-09 01:02:07,1.73381,1.7342499999999998
2951,2023-05-09 01:02:09,1.733845,1.7342849999999999
2953,2023-05-09 01:02:16,1.7339,1.73434
2954,2023-05-09 01:02:18,1.73393,1.73437
2955,2023-05-09 01:02:21,1.7339,1.73434
2956,2023-05-09 01:02:23,1.73387,1.73431
2957,2023-05-09 01:02:24,1.7339099999999998,1.73435
2958,2023-05-09 01:02:25,1.73392,1.7343600000000001
2959,2023-05-09 01:02:27,1.7339,1.73434
2960,2023-05-09 01:02:30,1.73387,1.73431
2963,2023-05-09 01:02:31,1.73386,1.7343
2964,2023-05-09 01:02:33,1.73379,1.73423
2966,2023-05-09 01:02:36,1.73379,1.7342300000000002
2967,2023-05-09 01:02:40,1.7337799999999999,1.73422
2968,2023-05-09 01:02:43,1.73375,1.7341900000000001
2970,2023-05-09 01:02:44,1.73366,1.7341
2972,2023-05-09 01:02:47,1.73365,1.7340900000000001
2973,2023-05-09 01:02:49,1.7336399999999998,1.73408
2974,2023-05-09 01:02:56,1.73365,1.7340900000000001
2975,2023-05-09 01:02:58,1.73366,1.7341
2976,2023-05-09 01:03:00,1.73366,1.7341
2977,2023-05-09 01:03:01,1.73367,1.73411
2978,2023-05-09 01:03:04,1.733675,1.734115
2980,2023-05-09 01:03:06,1.733655,1.734095
2982,2023-05-09 01:03:09,1.7336399999999998,1.73408
2983,2023-05-09 01:03:12,1.73365,1.7340900000000001
2984,2023-05-09 01:03:13,1.73368,1.7341199999999999
2985,2023-05-09 01:03:14,1.73361,1.7340499999999999
2986,2023-05-09 01:03:15,1.73357,1.73401
2987,2023-05-09 01:03:17,1.7335,1.73394
2989,2023-05-09 01:03:18,1.733485,1.733925
2991,2023-05-09 01:03:19,1.7334800000000001,1.73392
2994,2023-05-09 01:03:25,1.73346,1.7339
2995,2023-05-09 01:03:26,1.7335099999999999,1.73395
2996,2023-05-09 01:03:29,1.73352,1.73396
2997,2023-05-09 01:03:30,1.7335099999999999,1.73395
2998,2023-05-09 01:03:31,1.73349,1.73393
2999,2023-05-09 01:03:34,1.7335099999999999,1.73395
3000,2023-05-09 01:03:37,1.7335,1.73394
3001,2023-05-09 01:03:40,1.7335099999999999,1.73395
3002,2023-05-09 01:03:47,1.73357,1.73401
3003,2023-05-09 01:03:48,1.73354,1.7339799999999999
3004,2023-05-09 01:03:50,1.73356,1.734
3005,2023-05-09 01:03:52,1.733555,1.733995
3007,2023-05-09 01:03:53,1.733555,1.733995
3009,2023-05-09 01:03:55,1.73356,1.734
3010,2023-05-09 01:03:56,1.73354,1.7339799999999999
3011,2023-05-09 01:04:00,1.733505,1.7339449999999998
3013,2023-05-09 01:04:02,1.73349,1.73393
3014,2023-05-09 01:04:03,1.73353,1.73397
3015,2023-05-09 01:04:04,1.73352,1.73396
3016,2023-05-09 01:04:06,1.7335,1.73394
3017,2023-05-09 01:04:13,1.73349,1.73393
3018,2023-05-09 01:04:19,1.73346,1.7339
3019,2023-05-09 01:04:24,1.73345,1.7338900000000002
3020,2023-05-09 01:04:26,1.7334399999999999,1.73388
3021,2023-05-09 01:04:31,1.73346,1.7339
3022,2023-05-09 01:04:34,1.733435,1.733875
3024,2023-05-09 01:04:35,1.733475,1.7339149999999999
3026,2023-05-09 01:04:37,1.73345,1.7338900000000002
3027,2023-05-09 01:04:39,1.73346,1.7339
3028,2023-05-09 01:04:40,1.7335099999999999,1.73395
3029,2023-05-09 01:04:41,1.73347,1.7339099999999998
3030,2023-05-09 01:04:44,1.73345,1.7338900000000002
3031,2023-05-09 01:04:47,1.73343,1.73387
3032,2023-05-09 01:04:50,1.73338,1.7338200000000001
3034,2023-05-09 01:04:51,1.73336,1.7338
3035,2023-05-09 01:04:52,1.73334,1.7337799999999999
3036,2023-05-09 01:04:53,1.73339,1.73383
3037,2023-05-09 01:04:55,1.7334100000000001,1.73385
3039,2023-05-09 01:04:58,1.733385,1.733825
3041,2023-05-09 01:04:59,1.73345,1.7338900000000002
3044,2023-05-09 01:05:00,1.7335,1.73394
3045,2023-05-09 01:05:02,1.73349,1.73393
3046,2023-05-09 01:05:07,1.73353,1.73397
3047,2023-05-09 01:05:08,1.73365,1.7340900000000001
3048,2023-05-09 01:05:11,1.73367,1.73411
3049,2023-05-09 01:05:14,1.73366,1.7341
3050,2023-05-09 01:05:15,1.7336200000000002,1.73406
3051,2023-05-09 01:05:16,1.73361,1.7340499999999999
3052,2023-05-09 01:05:17,1.7336200000000002,1.73406
3053,2023-05-09 01:05:19,1.73363,1.73407
3056,2023-05-09 01:05:22,1.73363,1.73407
3057,2023-05-09 01:05:24,1.73366,1.7341
3058,2023-05-09 01:05:27,1.7336200000000002,1.73406
3059,2023-05-09 01:05:30,1.733625,1.734065
3061,2023-05-09 01:05:32,1.73366,1.7341
3062,2023-05-09 01:05:37,1.7337099999999999,1.73415
3064,2023-05-09 01:05:38,1.73369,1.73413
3065,2023-05-09 01:05:43,1.7336550000000002,1.734095
3067,2023-05-09 01:05:44,1.73367,1.73411
3068,2023-05-09 01:05:45,1.7336200000000002,1.73406
3070,2023-05-09 01:05:46,1.7335500000000001,1.73399
3071,2023-05-09 01:05:48,1.73354,1.7339799999999999
3072,2023-05-09 01:05:49,1.73353,1.73397
3073,2023-05-09 01:05:50,1.73352,1.73396
3074,2023-05-09 01:05:53,1.7334800000000001,1.73392
3075,2023-05-09 01:05:54,1.73349,1.73393
3076,2023-05-09 01:05:55,1.7335099999999999,1.73395
3077,2023-05-09 01:05:56,1.73347,1.7339099999999998
3078,2023-05-09 01:05:58,1.7334800000000001,1.73392
3079,2023-05-09 01:06:00,1.73352,1.73396
3080,2023-05-09 01:06:03,1.7335,1.73394
3081,2023-05-09 01:06:04,1.7336,1.73404
3082,2023-05-09 01:06:05,1.7336200000000002,1.73406
3083,2023-05-09 01:06:06,1.73365,1.7340900000000001
3084,2023-05-09 01:06:07,1.73376,1.7342
3085,2023-05-09 01:06:11,1.7338,1.73424
3086,2023-05-09 01:06:16,1.7337799999999999,1.73422
3087,2023-05-09 01:06:19,1.73376,1.7342
3088,2023-05-09 01:06:23,1.733715,1.7341550000000001
3090,2023-05-09 01:06:27,1.73377,1.73421
3091,2023-05-09 01:06:29,1.73377,1.73421
3094,2023-05-09 01:06:30,1.73367,1.73411
3095,2023-05-09 01:06:32,1.73366,1.7341
3096,2023-05-09 01:06:33,1.73367,1.73411
3097,2023-05-09 01:06:35,1.73368,1.7341199999999999
3098,2023-05-09 01:06:40,1.7337,1.73414
3099,2023-05-09 01:06:44,1.73368,1.7341199999999999
3100,2023-05-09 01:06:50,1.73367,1.73411
3101,2023-05-09 01:06:53,1.73368,1.7341199999999999
3102,2023-05-09 01:06:58,1.73369,1.73413
3103,2023-05-09 01:07:00,1.73366,1.7341
3104,2023-05-09 01:07:02,1.7336399999999998,1.73408
3105,2023-05-09 01:07:04,1.73363,1.73407
3106,2023-05-09 01:07:06,1.7336399999999998,1.73408
3107,2023-05-09 01:07:09,1.73365,1.7340900000000001
3108,2023-05-09 01:07:12,1.73363,1.73407
3109,2023-05-09 01:07:13,1.733675,1.734115
3111,2023-05-09 01:07:16,1.7337,1.73414
3112,2023-05-09 01:07:19,1.7338,1.73424
3113,2023-05-09 01:07:20,1.733805,1.734245
3115,2023-05-09 01:07:22,1.733775,1.734215
3117,2023-05-09 01:07:24,1.733755,1.734195
3119,2023-05-09 01:07:27,1.73374,1.73418
3120,2023-05-09 01:07:30,1.73369,1.73413
3121,2023-05-09 01:07:33,1.7337,1.73414
3122,2023-05-09 01:07:35,1.733695,1.734135
3124,2023-05-09 01:07:39,1.7337099999999999,1.73415
3125,2023-05-09 01:07:40,1.7337,1.73414
3126,2023-05-09 01:07:45,1.7337099999999999,1.73415
3127,2023-05-09 01:07:47,1.7337,1.73414
3128,2023-05-09 01:07:51,1.733725,1.734165
3130,2023-05-09 01:07:53,1.7337500000000001,1.73419
3131,2023-05-09 01:08:00,1.7337500000000001,1.73419
3132,2023-05-09 01:08:01,1.7338200000000001,1.73426
3133,2023-05-09 01:08:02,1.73384,1.73428
3134,2023-05-09 01:08:05,1.73385,1.73429
3135,2023-05-09 01:08:07,1.7339099999999998,1.73435
3136,2023-05-09 01:08:08,1.7339099999999998,1.73435
3139,2023-05-09 01:08:09,1.7339099999999998,1.73435
3140,2023-05-09 01:08:13,1.73392,1.7343600000000001
3141,2023-05-09 01:08:14,1.7339099999999998,1.73435
3142,2023-05-09 01:08:16,1.73392,1.7343600000000001
3143,2023-05-09 01:08:17,1.734,1.73444
3144,2023-05-09 01:08:19,1.73395,1.7343899999999999
3145,2023-05-09 01:08:20,1.73396,1.7344
3146,2023-05-09 01:08:21,1.73395,1.7343899999999999
3147,2023-05-09 01:08:22,1.73393,1.73437
3148,2023-05-09 01:08:24,1.73395,1.7343899999999999
3149,2023-05-09 01:08:27,1.7339099999999998,1.73435
3151,2023-05-09 01:08:28,1.7338749999999998,1.734315
3153,2023-05-09 01:08:30,1.73396,1.7344
3156,2023-05-09 01:08:31,1.733955,1.734395
3158,2023-05-09 01:08:32,1.7339449999999998,1.734385
3160,2023-05-09 01:08:33,1.7338900000000002,1.73433
3161,2023-05-09 01:08:34,1.73388,1.7343199999999999
3162,2023-05-09 01:08:35,1.7339,1.73434
3163,2023-05-09 01:08:37,1.7339099999999998,1.73435
3164,2023-05-09 01:08:38,1.73393,1.73437
3165,2023-05-09 01:08:41,1.73396,1.7344
3166,2023-05-09 01:08:42,1.7339600000000002,1.7344
3168,2023-05-09 01:08:43,1.733975,1.734415
3170,2023-05-09 01:08:44,1.73394,1.73438
3171,2023-05-09 01:08:47,1.7341250000000001,1.734565
3173,2023-05-09 01:08:48,1.7340900000000001,1.73453
3176,2023-05-09 01:08:49,1.73408,1.7345199999999998
3177,2023-05-09 01:08:51,1.73404,1.73448
3179,2023-05-09 01:08:52,1.7340499999999999,1.73449
3181,2023-05-09 01:08:55,1.73403,1.73447
3182,2023-05-09 01:08:56,1.73401,1.73445
3183,2023-05-09 01:08:58,1.734075,1.734515
3185,2023-05-09 01:09:00,1.73408,1.7345199999999998
3186,2023-05-09 01:09:02,1.7341,1.73454
3187,2023-05-09 01:09:06,1.73399,1.7344300000000001
3188,2023-05-09 01:09:09,1.7339699999999998,1.73441
3190,2023-05-09 01:09:10,1.73397,1.73441
3191,2023-05-09 01:09:11,1.73399,1.7344300000000001
3192,2023-05-09 01:09:12,1.73393,1.73437
3193,2023-05-09 01:09:15,1.73404,1.73448
3194,2023-05-09 01:09:16,1.7340499999999999,1.73449
3195,2023-05-09 01:09:17,1.73403,1.73447
3196,2023-05-09 01:09:19,1.73401,1.73445
3197,2023-05-09 01:09:21,1.734,1.73444
3198,2023-05-09 01:09:23,1.7339799999999999,1.73442
3199,2023-05-09 01:09:24,1.73397,1.73441
3200,2023-05-09 01:09:26,1.7339799999999999,1.73442
3201,2023-05-09 01:09:34,1.73396,1.7344
3202,2023-05-09 01:09:36,1.7340049999999998,1.734445
3204,2023-05-09 01:09:38,1.734,1.73444
3205,2023-05-09 01:09:41,1.73397,1.73441
3206,2023-05-09 01:09:42,1.7339799999999999,1.73442
3207,2023-05-09 01:09:44,1.73401,1.73445
3208,2023-05-09 01:09:46,1.7339799999999999,1.73442
3209,2023-05-09 01:09:48,1.734,1.73444
3210,2023-05-09 01:09:52,1.7339799999999999,1.73442
3211,2023-05-09 01:09:54,1.73396,1.7344
3212,2023-05-09 01:09:57,1.734,1.73444
3213,2023-05-09 01:09:58,1.7339849999999999,1.734425
3215,2023-05-09 01:09:59,1.7339849999999999,1.734425
3217,2023-05-09 01:10:00,1.7339699999999998,1.73441
3219,2023-05-09 01:10:02,1.734025,1.734465
3221,2023-05-09 01:10:07,1.7340200000000001,1.73446
3222,2023-05-09 01:10:09,1.73403,1.73447
3223,2023-05-09 01:10:11,1.73406,1.7345000000000002
3224,2023-05-09 01:10:13,1.73403,1.73447
3225,2023-05-09 01:10:14,1.73404,1.73448
3226,2023-05-09 01:10:16,1.73403,1.73447
3227,2023-05-09 01:10:19,1.73408,1.73452
3229,2023-05-09 01:10:20,1.734175,1.734615
3231,2023-05-09 01:10:21,1.734175,1.734615
3233,2023-05-09 01:10:22,1.73419,1.7346300000000001
3234,2023-05-09 01:10:23,1.73414,1.73458
3235,2023-05-09 01:10:24,1.7341600000000001,1.7346
3236,2023-05-09 01:10:26,1.73415,1.7345899999999999
3237,2023-05-09 01:10:27,1.73413,1.73457
3238,2023-05-09 01:10:34,1.734125,1.734565
3240,2023-05-09 01:10:35,1.7341199999999999,1.73456
3241,2023-05-09 01:10:36,1.7340900000000001,1.73453
3242,2023-05-09 01:10:37,1.734145,1.734585
3244,2023-05-09 01:10:38,1.7341600000000001,1.7346
3245,2023-05-09 01:10:39,1.73417,1.73461
3246,2023-05-09 01:10:41,1.73418,1.73462
3247,2023-05-09 01:10:42,1.73417,1.73461
3248,2023-05-09 01:10:44,1.73418,1.73462
3249,2023-05-09 01:10:46,1.73419,1.7346300000000001
3250,2023-05-09 01:10:47,1.73418,1.73462
3251,2023-05-09 01:10:50,1.734115,1.734555
3253,2023-05-09 01:10:51,1.73413,1.73457
3254,2023-05-09 01:10:52,1.73414,1.73458
