,time,bid,ask
0,2023-05-09 00:00:00,1.85995,1.8602699999999999
1,2023-05-09 00:00:01,1.859965,1.860285
5,2023-05-09 00:00:02,1.86002,1.8603399999999999
8,2023-05-09 00:00:03,1.860055,1.860375
10,2023-05-09 00:00:04,1.86008,1.8604
13,2023-05-09 00:00:05,1.860065,1.860385
15,2023-05-09 00:00:06,1.86006,1.8603800000000001
16,2023-05-09 00:00:07,1.86005,1.86037
17,2023-05-09 00:00:08,1.86007,1.86039
18,2023-05-09 00:00:09,1.86002,1.8603399999999999
20,2023-05-09 00:00:10,1.86005,1.86037
23,2023-05-09 00:00:11,1.86008,1.8604
26,2023-05-09 00:00:12,1.86007,1.86039
30,2023-05-09 00:00:13,1.86009,1.86041
33,2023-05-09 00:00:14,1.86006,1.8603800000000001
36,2023-05-09 00:00:15,1.86007,1.86039
39,2023-05-09 00:00:16,1.8601100000000002,1.86043
43,2023-05-09 00:00:17,1.86005,1.86037
44,2023-05-09 00:00:18,1.8600400000000001,1.86036
45,2023-05-09 00:00:19,1.8600400000000001,1.86036
48,2023-05-09 00:00:20,1.86006,1.8603800000000001
49,2023-05-09 00:00:21,1.86005,1.86037
50,2023-05-09 00:00:22,1.8600349999999999,1.860355
52,2023-05-09 00:00:23,1.860045,1.860365
54,2023-05-09 00:00:25,1.86005,1.86037
57,2023-05-09 00:00:26,1.8600850000000002,1.860405
59,2023-05-09 00:00:28,1.86005,1.86037
60,2023-05-09 00:00:29,1.8600400000000001,1.86036
61,2023-05-09 00:00:30,1.86003,1.86035
64,2023-05-09 00:00:31,1.86006,1.8603800000000001
67,2023-05-09 00:00:32,1.860085,1.860405
69,2023-05-09 00:00:33,1.8601100000000002,1.86043
70,2023-05-09 00:00:34,1.86012,1.86044
71,2023-05-09 00:00:35,1.8601100000000002,1.86043
72,2023-05-09 00:00:36,1.8601299999999998,1.8604500000000002
75,2023-05-09 00:00:37,1.86009,1.86041
76,2023-05-09 00:00:38,1.8601,1.86042
78,2023-05-09 00:00:39,1.8601,1.86042
81,2023-05-09 00:00:40,1.86005,1.86037
84,2023-05-09 00:00:41,1.85996,1.86028
87,2023-05-09 00:00:42,1.86009,1.86041
89,2023-05-09 00:00:43,1.8602049999999999,1.860525
93,2023-05-09 00:00:44,1.8602599999999998,1.8605800000000001
95,2023-05-09 00:00:45,1.86023,1.86055
97,2023-05-09 00:00:46,1.860255,1.860575
99,2023-05-09 00:00:47,1.86026,1.8605800000000001
100,2023-05-09 00:00:48,1.860255,1.860575
102,2023-05-09 00:00:51,1.860285,1.860605
104,2023-05-09 00:00:52,1.8603,1.86062
107,2023-05-09 00:00:53,1.860295,1.860615
109,2023-05-09 00:00:54,1.86029,1.8606099999999999
110,2023-05-09 00:00:55,1.86023,1.86055
113,2023-05-09 00:00:57,1.86013,1.86045
115,2023-05-09 00:01:00,1.8601100000000002,1.86043
116,2023-05-09 00:01:01,1.86019,1.8605099999999999
118,2023-05-09 00:01:02,1.8602400000000001,1.86056
121,2023-05-09 00:01:03,1.8602699999999999,1.86059
124,2023-05-09 00:01:04,1.860255,1.860575
126,2023-05-09 00:01:05,1.860215,1.860535
128,2023-05-09 00:01:06,1.860255,1.860575
132,2023-05-09 00:01:07,1.86026,1.8605800000000001
133,2023-05-09 00:01:08,1.8602699999999999,1.86059
134,2023-05-09 00:01:09,1.86026,1.8605800000000001
135,2023-05-09 00:01:10,1.8601100000000002,1.86043
138,2023-05-09 00:01:11,1.860125,1.8604450000000001
140,2023-05-09 00:01:12,1.8601299999999998,1.8604500000000002
143,2023-05-09 00:01:13,1.86014,1.86046
144,2023-05-09 00:01:14,1.86008,1.8604
145,2023-05-09 00:01:16,1.86007,1.86039
146,2023-05-09 00:01:17,1.86008,1.8604
147,2023-05-09 00:01:18,1.860075,1.860395
149,2023-05-09 00:01:19,1.86009,1.86041
152,2023-05-09 00:01:20,1.860095,1.860415
154,2023-05-09 00:01:22,1.86016,1.86048
156,2023-05-09 00:01:23,1.86014,1.86046
157,2023-05-09 00:01:24,1.8601,1.86042
161,2023-05-09 00:01:25,1.860095,1.860415
163,2023-05-09 00:01:26,1.860095,1.860415
165,2023-05-09 00:01:27,1.8601100000000002,1.86043
166,2023-05-09 00:01:28,1.8601,1.86042
167,2023-05-09 00:01:29,1.86014,1.86046
169,2023-05-09 00:01:30,1.86016,1.86048
170,2023-05-09 00:01:31,1.86009,1.86041
171,2023-05-09 00:01:32,1.86017,1.86049
174,2023-05-09 00:01:33,1.860155,1.8604749999999999
176,2023-05-09 00:01:34,1.860125,1.8604450000000001
178,2023-05-09 00:01:35,1.8601299999999998,1.8604500000000002
179,2023-05-09 00:01:36,1.86017,1.86049
182,2023-05-09 00:01:37,1.86018,1.8605
185,2023-05-09 00:01:38,1.86019,1.86051
186,2023-05-09 00:01:39,1.860185,1.8605049999999999
188,2023-05-09 00:01:40,1.86017,1.86049
190,2023-05-09 00:01:41,1.860195,1.860515
192,2023-05-09 00:01:43,1.86018,1.8605
193,2023-05-09 00:01:44,1.86014,1.86046
197,2023-05-09 00:01:45,1.8601999999999999,1.86052
200,2023-05-09 00:01:46,1.86018,1.8605
201,2023-05-09 00:01:47,1.86022,1.8605399999999999
204,2023-05-09 00:01:48,1.860215,1.860535
208,2023-05-09 00:01:50,1.86026,1.8605800000000001
211,2023-05-09 00:01:51,1.8603100000000001,1.86063
214,2023-05-09 00:01:52,1.8603100000000001,1.86063
217,2023-05-09 00:01:53,1.86037,1.86069
220,2023-05-09 00:01:55,1.8603800000000001,1.8607
221,2023-05-09 00:01:58,1.86042,1.86074
223,2023-05-09 00:02:00,1.860465,1.8607850000000001
227,2023-05-09 00:02:01,1.8604500000000002,1.86077
228,2023-05-09 00:02:02,1.860425,1.860745
230,2023-05-09 00:02:03,1.86049,1.8608099999999999
233,2023-05-09 00:02:04,1.8604699999999998,1.8607900000000002
235,2023-05-09 00:02:05,1.8604699999999998,1.8607900000000002
236,2023-05-09 00:02:06,1.86046,1.86078
237,2023-05-09 00:02:07,1.86048,1.8608
240,2023-05-09 00:02:08,1.86049,1.8608099999999999
241,2023-05-09 00:02:09,1.860435,1.860755
245,2023-05-09 00:02:10,1.86043,1.86075
246,2023-05-09 00:02:11,1.8604450000000001,1.860765
250,2023-05-09 00:02:12,1.86043,1.86075
251,2023-05-09 00:02:13,1.8604500000000002,1.86077
254,2023-05-09 00:02:14,1.86041,1.86073
255,2023-05-09 00:02:15,1.86044,1.86076
258,2023-05-09 00:02:16,1.8604749999999999,1.860795
260,2023-05-09 00:02:18,1.8604250000000002,1.860745
262,2023-05-09 00:02:26,1.86041,1.86073
263,2023-05-09 00:02:29,1.860415,1.860735
265,2023-05-09 00:02:30,1.8603800000000001,1.8607
266,2023-05-09 00:02:31,1.860365,1.860685
268,2023-05-09 00:02:32,1.86039,1.86071
271,2023-05-09 00:02:33,1.860385,1.860705
273,2023-05-09 00:02:37,1.86037,1.86069
276,2023-05-09 00:02:38,1.86036,1.86068
277,2023-05-09 00:02:39,1.8604749999999999,1.860795
279,2023-05-09 00:02:40,1.86048,1.8608
280,2023-05-09 00:02:41,1.8604699999999998,1.8607900000000002
281,2023-05-09 00:02:42,1.86048,1.8608
282,2023-05-09 00:02:44,1.86049,1.8608099999999999
283,2023-05-09 00:02:45,1.8605399999999999,1.8608600000000002
285,2023-05-09 00:02:48,1.8605399999999999,1.86086
288,2023-05-09 00:02:50,1.860535,1.860855
290,2023-05-09 00:02:51,1.86053,1.8608500000000001
291,2023-05-09 00:02:52,1.86055,1.8608699999999998
293,2023-05-09 00:02:53,1.8605399999999999,1.86086
296,2023-05-09 00:02:54,1.86057,1.86089
299,2023-05-09 00:02:55,1.86057,1.86089
302,2023-05-09 00:02:56,1.860585,1.860905
304,2023-05-09 00:02:57,1.8605800000000001,1.8609
305,2023-05-09 00:02:58,1.86056,1.8608799999999999
306,2023-05-09 00:02:59,1.86053,1.86087
307,2023-05-09 00:03:00,1.86053,1.8608500000000001
310,2023-05-09 00:03:01,1.8605399999999999,1.86086
311,2023-05-09 00:03:03,1.86052,1.86084
312,2023-05-09 00:03:04,1.86053,1.8608500000000001
313,2023-05-09 00:03:06,1.860515,1.860835
315,2023-05-09 00:03:07,1.8605399999999999,1.8608600000000002
317,2023-05-09 00:03:08,1.86056,1.8608799999999999
318,2023-05-09 00:03:09,1.86049,1.8608099999999999
321,2023-05-09 00:03:11,1.8604699999999998,1.8607900000000002
322,2023-05-09 00:03:13,1.86046,1.86078
325,2023-05-09 00:03:14,1.8604500000000002,1.86077
328,2023-05-09 00:03:16,1.86046,1.86078
331,2023-05-09 00:03:17,1.8604699999999998,1.8607900000000002
332,2023-05-09 00:03:18,1.860455,1.860775
334,2023-05-09 00:03:20,1.8604699999999998,1.8607900000000002
335,2023-05-09 00:03:21,1.86048,1.8608
338,2023-05-09 00:03:22,1.860535,1.860855
342,2023-05-09 00:03:23,1.86052,1.86084
343,2023-05-09 00:03:24,1.86048,1.8608
344,2023-05-09 00:03:26,1.860465,1.8607850000000001
346,2023-05-09 00:03:27,1.860455,1.860775
348,2023-05-09 00:03:28,1.86046,1.86078
351,2023-05-09 00:03:29,1.86046,1.86078
352,2023-05-09 00:03:30,1.86046,1.86078
354,2023-05-09 00:03:31,1.860435,1.860755
356,2023-05-09 00:03:32,1.86041,1.86073
357,2023-05-09 00:03:33,1.86042,1.8607399999999998
358,2023-05-09 00:03:35,1.8603800000000001,1.8607
361,2023-05-09 00:03:36,1.8604,1.8607200000000002
364,2023-05-09 00:03:37,1.86039,1.86071
365,2023-05-09 00:03:38,1.860395,1.8607150000000001
367,2023-05-09 00:03:39,1.8603900000000002,1.86071
369,2023-05-09 00:03:40,1.8604,1.8607200000000002
372,2023-05-09 00:03:41,1.860425,1.8607449999999999
376,2023-05-09 00:03:42,1.86044,1.86076
379,2023-05-09 00:03:43,1.8604,1.8607200000000002
382,2023-05-09 00:03:44,1.86036,1.86068
385,2023-05-09 00:03:45,1.8603399999999999,1.86066
386,2023-05-09 00:03:46,1.86033,1.8606500000000001
387,2023-05-09 00:03:47,1.8603399999999999,1.86066
388,2023-05-09 00:03:48,1.8603100000000001,1.86063
390,2023-05-09 00:03:49,1.86035,1.86067
393,2023-05-09 00:03:50,1.8603,1.86062
395,2023-05-09 00:03:51,1.86032,1.86064
396,2023-05-09 00:03:52,1.86033,1.8606500000000001
397,2023-05-09 00:03:53,1.8603399999999999,1.86066
401,2023-05-09 00:03:55,1.86033,1.8606500000000001
402,2023-05-09 00:03:56,1.860345,1.860665
404,2023-05-09 00:03:57,1.86036,1.86068
405,2023-05-09 00:03:58,1.86041,1.86073
406,2023-05-09 00:03:59,1.86046,1.86078
408,2023-05-09 00:04:00,1.860435,1.860755
410,2023-05-09 00:04:01,1.86046,1.86078
411,2023-05-09 00:04:03,1.86044,1.86076
412,2023-05-09 00:04:04,1.86043,1.86075
415,2023-05-09 00:04:05,1.86044,1.86076
417,2023-05-09 00:04:06,1.860425,1.8607449999999999
419,2023-05-09 00:04:07,1.86043,1.86075
420,2023-05-09 00:04:12,1.8604500000000002,1.86077
421,2023-05-09 00:04:15,1.86043,1.86075
422,2023-05-09 00:04:16,1.86046,1.86078
425,2023-05-09 00:04:17,1.860435,1.860755
427,2023-05-09 00:04:18,1.86044,1.86076
429,2023-05-09 00:04:19,1.860415,1.860735
431,2023-05-09 00:04:20,1.86042,1.8607399999999998
432,2023-05-09 00:04:21,1.8603800000000001,1.8607
434,2023-05-09 00:04:22,1.8604,1.8607200000000002
435,2023-05-09 00:04:23,1.860405,1.860725
437,2023-05-09 00:04:24,1.86046,1.86078
440,2023-05-09 00:04:25,1.86048,1.8608
441,2023-05-09 00:04:27,1.86044,1.86076
445,2023-05-09 00:04:28,1.8604699999999998,1.8607900000000002
447,2023-05-09 00:04:29,1.8604699999999998,1.8607900000000002
448,2023-05-09 00:04:30,1.8604500000000002,1.86077
450,2023-05-09 00:04:31,1.8604450000000001,1.860765
452,2023-05-09 00:04:35,1.8604500000000002,1.86077
453,2023-05-09 00:04:36,1.86044,1.86076
454,2023-05-09 00:04:38,1.86044,1.86077
455,2023-05-09 00:04:39,1.86044,1.86076
456,2023-05-09 00:04:40,1.8604500000000002,1.86077
457,2023-05-09 00:04:41,1.86043,1.86075
459,2023-05-09 00:04:44,1.860425,1.860745
461,2023-05-09 00:04:45,1.860425,1.8607449999999999
465,2023-05-09 00:04:47,1.86044,1.86076
466,2023-05-09 00:04:48,1.860435,1.860755
468,2023-05-09 00:04:49,1.860425,1.8607449999999999
472,2023-05-09 00:04:50,1.86043,1.86075
473,2023-05-09 00:04:51,1.86043,1.86076
476,2023-05-09 00:04:52,1.86043,1.86076
477,2023-05-09 00:04:53,1.8603399999999999,1.86066
479,2023-05-09 00:04:54,1.86026,1.8605800000000001
482,2023-05-09 00:04:57,1.86018,1.8605
483,2023-05-09 00:04:59,1.86021,1.86053
485,2023-05-09 00:05:00,1.86023,1.86055
486,2023-05-09 00:05:01,1.86022,1.8605399999999999
487,2023-05-09 00:05:02,1.86015,1.86047
489,2023-05-09 00:05:15,1.86012,1.86044
490,2023-05-09 00:05:18,1.859975,1.860295
492,2023-05-09 00:05:19,1.85982,1.86014
494,2023-05-09 00:05:20,1.859695,1.860015
496,2023-05-09 00:05:21,1.85968,1.8599999999999999
497,2023-05-09 00:05:22,1.85971,1.86003
498,2023-05-09 00:05:24,1.859695,1.860015
500,2023-05-09 00:05:25,1.85971,1.86003
501,2023-05-09 00:05:26,1.85967,1.85999
505,2023-05-09 00:05:27,1.85956,1.85988
508,2023-05-09 00:05:28,1.85956,1.85988
509,2023-05-09 00:05:29,1.85954,1.8598599999999998
510,2023-05-09 00:05:30,1.8595199999999998,1.8598400000000002
513,2023-05-09 00:05:31,1.85946,1.85978
514,2023-05-09 00:05:33,1.85944,1.85976
515,2023-05-09 00:05:35,1.85945,1.8597700000000001
516,2023-05-09 00:05:36,1.85946,1.85978
517,2023-05-09 00:05:38,1.8594950000000001,1.859815
519,2023-05-09 00:05:39,1.8595000000000002,1.85982
520,2023-05-09 00:05:41,1.8595000000000002,1.85982
523,2023-05-09 00:05:42,1.8595000000000002,1.85982
526,2023-05-09 00:05:43,1.85949,1.85981
529,2023-05-09 00:05:44,1.859545,1.8598649999999999
531,2023-05-09 00:05:45,1.85949,1.85981
535,2023-05-09 00:05:46,1.85949,1.85981
536,2023-05-09 00:05:47,1.85957,1.85989
539,2023-05-09 00:05:48,1.859615,1.859935
541,2023-05-09 00:05:50,1.859625,1.859945
543,2023-05-09 00:05:51,1.85957,1.85989
544,2023-05-09 00:05:52,1.85956,1.85988
545,2023-05-09 00:05:53,1.8595549999999998,1.8598750000000002
547,2023-05-09 00:05:54,1.85951,1.85983
548,2023-05-09 00:05:56,1.8595000000000002,1.85982
550,2023-05-09 00:05:57,1.8595000000000002,1.85982
551,2023-05-09 00:05:59,1.85947,1.85979
552,2023-05-09 00:06:00,1.85946,1.85978
555,2023-05-09 00:06:01,1.859445,1.8597650000000001
557,2023-05-09 00:06:03,1.85945,1.8597700000000001
558,2023-05-09 00:06:06,1.85947,1.85979
559,2023-05-09 00:06:09,1.859455,1.859775
561,2023-05-09 00:06:11,1.859455,1.859775
563,2023-05-09 00:06:12,1.85944,1.85976
564,2023-05-09 00:06:13,1.85942,1.85974
565,2023-05-09 00:06:14,1.859445,1.8597650000000001
567,2023-05-09 00:06:15,1.859455,1.859775
569,2023-05-09 00:06:16,1.85946,1.85978
570,2023-05-09 00:06:17,1.85944,1.85976
571,2023-05-09 00:06:18,1.85946,1.8597800000000002
573,2023-05-09 00:06:20,1.85946,1.85978
574,2023-05-09 00:06:21,1.8595000000000002,1.85982
575,2023-05-09 00:06:22,1.859465,1.859785
579,2023-05-09 00:06:23,1.85947,1.85979
580,2023-05-09 00:06:25,1.85947,1.8597899999999998
582,2023-05-09 00:06:26,1.8594650000000001,1.859785
584,2023-05-09 00:06:29,1.85947,1.85979
585,2023-05-09 00:06:30,1.85947,1.85979
588,2023-05-09 00:06:31,1.85946,1.85978
589,2023-05-09 00:06:32,1.85949,1.85981
592,2023-05-09 00:06:33,1.8595000000000002,1.85982
595,2023-05-09 00:06:36,1.8595199999999998,1.8598400000000002
596,2023-05-09 00:06:40,1.85955,1.85987
599,2023-05-09 00:06:41,1.859535,1.859855
601,2023-05-09 00:06:42,1.859575,1.859895
603,2023-05-09 00:06:43,1.8595899999999999,1.85991
604,2023-05-09 00:06:46,1.85958,1.8599
605,2023-05-09 00:06:47,1.8595899999999999,1.85991
606,2023-05-09 00:06:48,1.85958,1.8599
607,2023-05-09 00:06:51,1.85954,1.8598599999999998
609,2023-05-09 00:06:52,1.85955,1.85987
612,2023-05-09 00:06:53,1.8595199999999998,1.8598400000000002
613,2023-05-09 00:06:54,1.85955,1.85987
614,2023-05-09 00:06:56,1.8595249999999999,1.859845
616,2023-05-09 00:06:57,1.859505,1.859825
620,2023-05-09 00:06:59,1.8595199999999998,1.8598400000000002
623,2023-05-09 00:07:00,1.85954,1.8598599999999998
624,2023-05-09 00:07:02,1.8595199999999998,1.8598400000000002
626,2023-05-09 00:07:04,1.85949,1.85981
627,2023-05-09 00:07:06,1.85949,1.85981
629,2023-05-09 00:07:09,1.85949,1.85981
630,2023-05-09 00:07:11,1.859485,1.859805
632,2023-05-09 00:07:12,1.85949,1.85981
636,2023-05-09 00:07:13,1.859445,1.8597650000000001
638,2023-05-09 00:07:14,1.85945,1.8597700000000001
639,2023-05-09 00:07:15,1.85946,1.85978
640,2023-05-09 00:07:16,1.8594650000000001,1.859785
642,2023-05-09 00:07:17,1.85944,1.85976
645,2023-05-09 00:07:18,1.85942,1.85974
646,2023-05-09 00:07:20,1.859425,1.859745
648,2023-05-09 00:07:21,1.8594300000000001,1.85975
649,2023-05-09 00:07:22,1.85944,1.85976
650,2023-05-09 00:07:24,1.8594300000000001,1.85975
652,2023-05-09 00:07:25,1.8594300000000001,1.85975
655,2023-05-09 00:07:26,1.8594,1.85972
658,2023-05-09 00:07:27,1.85937,1.85969
659,2023-05-09 00:07:28,1.85938,1.8597000000000001
660,2023-05-09 00:07:29,1.8593600000000001,1.85968
661,2023-05-09 00:07:33,1.859315,1.859635
665,2023-05-09 00:07:34,1.859295,1.859615
667,2023-05-09 00:07:36,1.85919,1.85951
670,2023-05-09 00:07:38,1.8592,1.8595199999999998
671,2023-05-09 00:07:39,1.85919,1.85951
672,2023-05-09 00:07:40,1.859195,1.8595199999999998
674,2023-05-09 00:07:41,1.85921,1.85953
677,2023-05-09 00:07:42,1.85922,1.85954
678,2023-05-09 00:07:44,1.859235,1.859555
680,2023-05-09 00:07:46,1.859235,1.859555
682,2023-05-09 00:07:47,1.859205,1.8595249999999999
684,2023-05-09 00:07:48,1.8592300000000002,1.85955
685,2023-05-09 00:07:51,1.85924,1.85956
686,2023-05-09 00:07:52,1.8592300000000002,1.85955
689,2023-05-09 00:07:54,1.85917,1.85949
692,2023-05-09 00:07:56,1.85918,1.8595000000000002
695,2023-05-09 00:07:57,1.85918,1.8595000000000002
696,2023-05-09 00:07:58,1.8592,1.8595199999999998
699,2023-05-09 00:08:00,1.85922,1.85954
700,2023-05-09 00:08:01,1.85915,1.85947
701,2023-05-09 00:08:02,1.85914,1.85946
702,2023-05-09 00:08:03,1.85915,1.85947
705,2023-05-09 00:08:04,1.85914,1.85946
708,2023-05-09 00:08:05,1.859145,1.8594650000000001
710,2023-05-09 00:08:06,1.85915,1.85947
711,2023-05-09 00:08:08,1.85914,1.85946
712,2023-05-09 00:08:10,1.85915,1.85947
714,2023-05-09 00:08:12,1.8591600000000001,1.85948
715,2023-05-09 00:08:13,1.85915,1.85947
718,2023-05-09 00:08:14,1.859225,1.859545
720,2023-05-09 00:08:15,1.8592250000000001,1.859545
724,2023-05-09 00:08:16,1.859235,1.859555
726,2023-05-09 00:08:17,1.85919,1.85951
729,2023-05-09 00:08:19,1.85914,1.85946
732,2023-05-09 00:08:20,1.8591600000000001,1.85948
734,2023-05-09 00:08:21,1.85914,1.85946
735,2023-05-09 00:08:22,1.859115,1.859435
737,2023-05-09 00:08:30,1.8591199999999999,1.85944
738,2023-05-09 00:08:32,1.85922,1.85954
740,2023-05-09 00:08:33,1.85921,1.85953
741,2023-05-09 00:08:34,1.859185,1.859505
743,2023-05-09 00:08:37,1.85919,1.85951
744,2023-05-09 00:08:38,1.85921,1.85953
745,2023-05-09 00:08:39,1.85922,1.85954
746,2023-05-09 00:08:40,1.859215,1.859535
748,2023-05-09 00:08:41,1.85921,1.85953
749,2023-05-09 00:08:42,1.8592,1.8595199999999998
752,2023-05-09 00:08:43,1.8591950000000002,1.859515
754,2023-05-09 00:08:44,1.8591550000000001,1.859475
756,2023-05-09 00:08:45,1.85914,1.85946
757,2023-05-09 00:08:46,1.8591600000000001,1.85948
761,2023-05-09 00:08:47,1.85921,1.85953
762,2023-05-09 00:08:48,1.8592250000000001,1.859545
764,2023-05-09 00:08:49,1.85922,1.85954
765,2023-05-09 00:08:53,1.85921,1.85953
767,2023-05-09 00:08:54,1.85919,1.85951
768,2023-05-09 00:08:59,1.85914,1.8594600000000001
770,2023-05-09 00:09:00,1.85918,1.8595000000000002
773,2023-05-09 00:09:01,1.8592,1.8595199999999998
774,2023-05-09 00:09:02,1.85921,1.85953
775,2023-05-09 00:09:03,1.85928,1.8596
778,2023-05-09 00:09:04,1.8592300000000002,1.85955
779,2023-05-09 00:09:05,1.859205,1.8595249999999999
781,2023-05-09 00:09:06,1.85922,1.85954
782,2023-05-09 00:09:07,1.8592300000000002,1.85955
783,2023-05-09 00:09:08,1.8592300000000002,1.85955
785,2023-05-09 00:09:10,1.85915,1.85947
788,2023-05-09 00:09:11,1.85903,1.85935
789,2023-05-09 00:09:12,1.8590499999999999,1.8593700000000002
791,2023-05-09 00:09:13,1.8590900000000001,1.85941
792,2023-05-09 00:09:14,1.8591,1.85942
793,2023-05-09 00:09:15,1.8590900000000001,1.85941
795,2023-05-09 00:09:16,1.85901,1.85933
796,2023-05-09 00:09:17,1.8590200000000001,1.85934
797,2023-05-09 00:09:18,1.85901,1.85933
798,2023-05-09 00:09:21,1.85899,1.85931
799,2023-05-09 00:09:22,1.85899,1.85931
802,2023-05-09 00:09:24,1.859,1.8593199999999999
803,2023-05-09 00:09:33,1.85906,1.85938
806,2023-05-09 00:09:34,1.85906,1.85938
807,2023-05-09 00:09:38,1.859135,1.859455
809,2023-05-09 00:09:39,1.85922,1.85954
810,2023-05-09 00:09:40,1.8592300000000002,1.85955
813,2023-05-09 00:09:42,1.859215,1.859535
815,2023-05-09 00:09:44,1.859235,1.859555
817,2023-05-09 00:09:45,1.85921,1.85953
821,2023-05-09 00:09:46,1.85921,1.85953
824,2023-05-09 00:09:49,1.8592,1.8595199999999998
825,2023-05-09 00:09:50,1.85924,1.85956
828,2023-05-09 00:09:51,1.859245,1.859565
830,2023-05-09 00:09:52,1.8592499999999998,1.85957
831,2023-05-09 00:09:53,1.85924,1.85956
832,2023-05-09 00:09:54,1.8592499999999998,1.85957
833,2023-05-09 00:09:55,1.8592499999999998,1.8595700000000002
835,2023-05-09 00:09:57,1.85921,1.85953
836,2023-05-09 00:09:58,1.859215,1.859535
838,2023-05-09 00:09:59,1.8592250000000001,1.859545
840,2023-05-09 00:10:00,1.85922,1.85954
843,2023-05-09 00:10:01,1.85917,1.85949
847,2023-05-09 00:10:02,1.859165,1.859485
851,2023-05-09 00:10:03,1.859175,1.8594950000000001
855,2023-05-09 00:10:04,1.85918,1.8595000000000002
856,2023-05-09 00:10:05,1.85921,1.85953
859,2023-05-09 00:10:06,1.85922,1.85954
860,2023-05-09 00:10:08,1.8592250000000001,1.859545
862,2023-05-09 00:10:12,1.859235,1.859555
864,2023-05-09 00:10:13,1.859235,1.859555
866,2023-05-09 00:10:14,1.8592,1.8595199999999998
867,2023-05-09 00:10:15,1.8592250000000001,1.859545
869,2023-05-09 00:10:16,1.859205,1.8595249999999999
871,2023-05-09 00:10:21,1.85931,1.8596300000000001
874,2023-05-09 00:10:22,1.8593199999999999,1.8596400000000002
876,2023-05-09 00:10:23,1.859325,1.859645
878,2023-05-09 00:10:24,1.8593199999999999,1.8596400000000002
880,2023-05-09 00:10:25,1.85934,1.8596599999999999
881,2023-05-09 00:10:26,1.85937,1.85969
884,2023-05-09 00:10:28,1.859385,1.859705
886,2023-05-09 00:10:29,1.859365,1.859685
888,2023-05-09 00:10:30,1.85938,1.8597000000000001
889,2023-05-09 00:10:31,1.85935,1.85967
890,2023-05-09 00:10:32,1.85937,1.85969
893,2023-05-09 00:10:33,1.859335,1.859655
895,2023-05-09 00:10:35,1.8593199999999999,1.85964
898,2023-05-09 00:10:36,1.859285,1.859605
900,2023-05-09 00:10:37,1.85928,1.8596
903,2023-05-09 00:10:40,1.859275,1.859605
907,2023-05-09 00:10:41,1.85931,1.8596300000000001
910,2023-05-09 00:10:42,1.8593000000000002,1.85962
912,2023-05-09 00:10:44,1.8593099999999998,1.8596300000000001
914,2023-05-09 00:10:45,1.859295,1.859615
916,2023-05-09 00:10:46,1.859295,1.859615
920,2023-05-09 00:10:47,1.8593,1.85962
921,2023-05-09 00:10:48,1.85929,1.85961
922,2023-05-09 00:10:49,1.859235,1.859555
926,2023-05-09 00:10:50,1.8592300000000002,1.85955
927,2023-05-09 00:10:53,1.85921,1.85953
930,2023-05-09 00:10:54,1.8592300000000002,1.85955
931,2023-05-09 00:10:55,1.85922,1.85954
934,2023-05-09 00:10:56,1.859215,1.859535
936,2023-05-09 00:10:57,1.8592,1.8595199999999998
937,2023-05-09 00:10:58,1.8592300000000002,1.85955
939,2023-05-09 00:10:59,1.8592499999999998,1.85957
940,2023-05-09 00:11:00,1.859245,1.859565
942,2023-05-09 00:11:01,1.85926,1.85958
943,2023-05-09 00:11:02,1.8592499999999998,1.85957
944,2023-05-09 00:11:03,1.85933,1.85965
945,2023-05-09 00:11:04,1.859295,1.859615
947,2023-05-09 00:11:05,1.85928,1.8596
950,2023-05-09 00:11:10,1.85921,1.85953
951,2023-05-09 00:11:11,1.8591199999999999,1.85944
954,2023-05-09 00:11:12,1.8591199999999999,1.85944
955,2023-05-09 00:11:15,1.85913,1.85945
956,2023-05-09 00:11:16,1.85911,1.8594300000000001
959,2023-05-09 00:11:17,1.8591199999999999,1.85944
960,2023-05-09 00:11:18,1.85911,1.8594300000000001
961,2023-05-09 00:11:19,1.8591199999999999,1.85944
964,2023-05-09 00:11:21,1.85913,1.8594499999999998
966,2023-05-09 00:11:22,1.8591199999999999,1.85944
969,2023-05-09 00:11:23,1.859105,1.859425
971,2023-05-09 00:11:26,1.859115,1.859435
973,2023-05-09 00:11:33,1.8591199999999999,1.85944
974,2023-05-09 00:11:37,1.85913,1.8594499999999998
978,2023-05-09 00:11:38,1.8590900000000001,1.85941
981,2023-05-09 00:11:39,1.85908,1.8594
984,2023-05-09 00:11:40,1.85911,1.8594300000000001
985,2023-05-09 00:11:41,1.8591,1.85942
986,2023-05-09 00:11:44,1.85908,1.8594
989,2023-05-09 00:11:45,1.859095,1.859415
991,2023-05-09 00:11:46,1.85906,1.85938
994,2023-05-09 00:11:47,1.859075,1.859395
998,2023-05-09 00:11:48,1.85906,1.85938
999,2023-05-09 00:11:49,1.859075,1.859395
1001,2023-05-09 00:11:50,1.85906,1.85938
1002,2023-05-09 00:11:51,1.8590900000000001,1.85941
1004,2023-05-09 00:11:52,1.85911,1.8594300000000001
1005,2023-05-09 00:11:53,1.85908,1.8594
1006,2023-05-09 00:11:59,1.85911,1.8594300000000001
1007,2023-05-09 00:12:00,1.85911,1.8594300000000001
1010,2023-05-09 00:12:01,1.85914,1.85947
1013,2023-05-09 00:12:02,1.85915,1.85947
1016,2023-05-09 00:12:03,1.85915,1.85947
1018,2023-05-09 00:12:05,1.85917,1.85949
1019,2023-05-09 00:12:06,1.8591600000000001,1.85948
1020,2023-05-09 00:12:07,1.859135,1.859455
1022,2023-05-09 00:12:08,1.859095,1.859415
1024,2023-05-09 00:12:11,1.859085,1.859405
1026,2023-05-09 00:12:12,1.85907,1.8593899999999999
1027,2023-05-09 00:12:17,1.85906,1.85938
1028,2023-05-09 00:12:18,1.85906,1.85938
1031,2023-05-09 00:12:19,1.85907,1.8593899999999999
1032,2023-05-09 00:12:20,1.859105,1.8594249999999999
1034,2023-05-09 00:12:21,1.85907,1.8593899999999999
1035,2023-05-09 00:12:22,1.859065,1.859385
1039,2023-05-09 00:12:23,1.859065,1.859385
1041,2023-05-09 00:12:24,1.85908,1.8594
1043,2023-05-09 00:12:25,1.85907,1.8593899999999999
1044,2023-05-09 00:12:26,1.859075,1.8593950000000001
1046,2023-05-09 00:12:27,1.85908,1.8594
1049,2023-05-09 00:12:29,1.85908,1.8594
1051,2023-05-09 00:12:30,1.85908,1.8594
1052,2023-05-09 00:12:31,1.8590900000000001,1.85941
1055,2023-05-09 00:12:33,1.85908,1.8594
1058,2023-05-09 00:12:34,1.85907,1.8593899999999999
1059,2023-05-09 00:12:36,1.8591,1.85942
1060,2023-05-09 00:12:37,1.859115,1.859435
1064,2023-05-09 00:12:38,1.8590900000000001,1.85941
1066,2023-05-09 00:12:39,1.85904,1.8593600000000001
1068,2023-05-09 00:12:40,1.85899,1.85931
1069,2023-05-09 00:12:43,1.859,1.8593199999999999
1070,2023-05-09 00:12:48,1.8590200000000001,1.85934
1071,2023-05-09 00:12:50,1.85903,1.85935
1072,2023-05-09 00:12:52,1.85906,1.85938
1073,2023-05-09 00:12:53,1.859025,1.859345
1075,2023-05-09 00:12:55,1.8591199999999999,1.85944
1077,2023-05-09 00:12:57,1.85908,1.8594
1079,2023-05-09 00:12:58,1.859025,1.8593449999999998
1081,2023-05-09 00:12:59,1.85903,1.859355
1083,2023-05-09 00:13:00,1.8590200000000001,1.85934
1086,2023-05-09 00:13:05,1.8590200000000001,1.85937
1087,2023-05-09 00:13:06,1.8590200000000001,1.8593700000000002
1089,2023-05-09 00:13:08,1.85901,1.85933
1090,2023-05-09 00:13:09,1.8590200000000001,1.85934
1091,2023-05-09 00:13:10,1.859025,1.85937
1093,2023-05-09 00:13:11,1.8590200000000001,1.85934
1094,2023-05-09 00:13:12,1.859035,1.859355
1096,2023-05-09 00:13:13,1.85903,1.85935
1097,2023-05-09 00:13:15,1.859045,1.859365
1099,2023-05-09 00:13:16,1.85907,1.8593950000000001
1101,2023-05-09 00:13:18,1.85908,1.85941
1104,2023-05-09 00:13:20,1.859105,1.859435
1106,2023-05-09 00:13:23,1.85913,1.85945
1107,2023-05-09 00:13:24,1.859145,1.8594650000000001
1109,2023-05-09 00:13:25,1.8591199999999999,1.85944
1110,2023-05-09 00:13:26,1.85913,1.85945
1111,2023-05-09 00:13:28,1.8591199999999999,1.85944
1112,2023-05-09 00:13:29,1.859145,1.8594650000000001
1114,2023-05-09 00:13:30,1.85915,1.85947
1115,2023-05-09 00:13:31,1.85914,1.85946
1116,2023-05-09 00:13:35,1.859125,1.859445
1118,2023-05-09 00:13:42,1.8591,1.85942
1119,2023-05-09 00:13:43,1.859115,1.859435
1121,2023-05-09 00:13:44,1.859145,1.859465
1123,2023-05-09 00:13:45,1.8591550000000001,1.859475
1125,2023-05-09 00:13:48,1.8591700000000002,1.85949
1127,2023-05-09 00:13:49,1.8592499999999998,1.85957
1130,2023-05-09 00:13:50,1.8593449999999998,1.8596650000000001
1132,2023-05-09 00:13:53,1.8593799999999998,1.8597000000000001
1134,2023-05-09 00:13:55,1.85938,1.8597000000000001
1135,2023-05-09 00:13:56,1.859385,1.859705
1137,2023-05-09 00:14:00,1.85938,1.8597000000000001
1138,2023-05-09 00:14:01,1.85941,1.8597299999999999
1139,2023-05-09 00:14:05,1.859415,1.859735
1141,2023-05-09 00:14:06,1.85941,1.8597299999999999
1143,2023-05-09 00:14:07,1.85941,1.8597299999999999
1144,2023-05-09 00:14:08,1.85941,1.85974
1147,2023-05-09 00:14:10,1.8593899999999999,1.85971
1150,2023-05-09 00:14:11,1.859355,1.859675
1152,2023-05-09 00:14:12,1.859375,1.859695
1154,2023-05-09 00:14:13,1.859335,1.859655
1156,2023-05-09 00:14:14,1.8593549999999999,1.859675
1158,2023-05-09 00:14:15,1.8593199999999999,1.85964
1159,2023-05-09 00:14:16,1.859305,1.859625
1161,2023-05-09 00:14:18,1.85922,1.85954
1164,2023-05-09 00:14:19,1.8592300000000002,1.85955
1167,2023-05-09 00:14:20,1.85921,1.85953
1170,2023-05-09 00:14:21,1.85922,1.85954
1172,2023-05-09 00:14:22,1.85922,1.85954
1174,2023-05-09 00:14:23,1.85918,1.8595
1176,2023-05-09 00:14:25,1.859145,1.8594650000000001
1178,2023-05-09 00:14:28,1.85914,1.85946
1179,2023-05-09 00:14:29,1.85913,1.85945
1182,2023-05-09 00:14:30,1.85913,1.85945
1183,2023-05-09 00:14:32,1.8591,1.85942
1186,2023-05-09 00:14:33,1.85911,1.8594300000000001
1187,2023-05-09 00:14:34,1.8591449999999998,1.8594650000000001
1189,2023-05-09 00:14:35,1.8592300000000002,1.85955
1192,2023-05-09 00:14:36,1.85924,1.85956
1194,2023-05-09 00:14:37,1.8592,1.85952
1196,2023-05-09 00:14:38,1.8591600000000001,1.85948
1199,2023-05-09 00:14:39,1.85918,1.8595000000000002
1202,2023-05-09 00:14:41,1.8592,1.8595199999999998
1203,2023-05-09 00:14:42,1.85924,1.85956
1206,2023-05-09 00:14:44,1.8592549999999999,1.859575
1208,2023-05-09 00:14:45,1.85927,1.8595899999999999
1210,2023-05-09 00:14:46,1.85928,1.8596
1211,2023-05-09 00:14:47,1.859275,1.859595
1213,2023-05-09 00:14:48,1.8592499999999998,1.85957
1214,2023-05-09 00:14:49,1.85926,1.85958
1215,2023-05-09 00:14:50,1.8592300000000002,1.85955
1216,2023-05-09 00:14:51,1.85924,1.85956
1217,2023-05-09 00:14:52,1.8592499999999998,1.85957
1218,2023-05-09 00:14:54,1.85921,1.85953
1219,2023-05-09 00:14:55,1.85924,1.85956
1222,2023-05-09 00:14:56,1.8592499999999998,1.85957
1225,2023-05-09 00:14:57,1.8591600000000001,1.85948
1227,2023-05-09 00:14:58,1.859175,1.8594950000000001
1229,2023-05-09 00:14:59,1.85918,1.8595000000000002
1230,2023-05-09 00:15:00,1.859195,1.859515
1232,2023-05-09 00:15:01,1.85918,1.8595
1236,2023-05-09 00:15:02,1.8592,1.8595199999999998
1239,2023-05-09 00:15:03,1.8591600000000001,1.85948
1242,2023-05-09 00:15:04,1.8591000000000002,1.85942
1246,2023-05-09 00:15:05,1.85906,1.85938
1249,2023-05-09 00:15:06,1.85907,1.8593899999999999
1251,2023-05-09 00:15:07,1.85911,1.8594300000000001
1252,2023-05-09 00:15:08,1.859095,1.859415
1254,2023-05-09 00:15:09,1.85907,1.8593899999999999
1257,2023-05-09 00:15:10,1.8590499999999999,1.85937
1258,2023-05-09 00:15:11,1.85904,1.8593600000000001
1261,2023-05-09 00:15:12,1.859035,1.859355
1263,2023-05-09 00:15:13,1.859025,1.859345
1265,2023-05-09 00:15:14,1.85903,1.85935
1266,2023-05-09 00:15:15,1.859015,1.859335
1268,2023-05-09 00:15:16,1.8590200000000001,1.85934
1269,2023-05-09 00:15:18,1.85903,1.85935
1270,2023-05-09 00:15:19,1.85904,1.8593600000000001
1271,2023-05-09 00:15:20,1.859105,1.859425
1273,2023-05-09 00:15:21,1.859135,1.859455
1275,2023-05-09 00:15:22,1.85911,1.8594300000000001
1276,2023-05-09 00:15:24,1.85913,1.85945
1277,2023-05-09 00:15:25,1.859115,1.859435
1279,2023-05-09 00:15:26,1.8591199999999999,1.85944
1282,2023-05-09 00:15:27,1.859125,1.859445
1284,2023-05-09 00:15:28,1.8591199999999999,1.8594400000000002
1286,2023-05-09 00:15:29,1.8590900000000001,1.85941
1287,2023-05-09 00:15:30,1.8591099999999998,1.8594300000000001
1289,2023-05-09 00:15:31,1.85913,1.85945
1290,2023-05-09 00:15:32,1.85918,1.8595000000000002
1291,2023-05-09 00:15:33,1.859215,1.859535
1293,2023-05-09 00:15:34,1.85917,1.85949
1294,2023-05-09 00:15:35,1.8591600000000001,1.85948
1297,2023-05-09 00:15:36,1.859175,1.8594950000000001
1299,2023-05-09 00:15:37,1.85918,1.8595000000000002
1300,2023-05-09 00:15:40,1.85919,1.85951
1301,2023-05-09 00:15:42,1.85922,1.85954
1304,2023-05-09 00:15:44,1.85918,1.8595
1306,2023-05-09 00:15:45,1.8591550000000001,1.859475
1308,2023-05-09 00:15:46,1.8591600000000001,1.85948
1310,2023-05-09 00:15:49,1.85919,1.85951
1313,2023-05-09 00:15:50,1.85919,1.85951
1315,2023-05-09 00:15:51,1.85922,1.85954
1316,2023-05-09 00:15:52,1.8592,1.8595199999999998
1317,2023-05-09 00:15:53,1.859225,1.859545
1319,2023-05-09 00:15:54,1.85922,1.85954
1320,2023-05-09 00:15:55,1.85921,1.85953
1321,2023-05-09 00:15:56,1.85924,1.85956
1324,2023-05-09 00:15:57,1.85921,1.85953
1326,2023-05-09 00:16:00,1.85917,1.85949
1329,2023-05-09 00:16:01,1.8592,1.85952
1331,2023-05-09 00:16:02,1.8592499999999998,1.85957
1332,2023-05-09 00:16:03,1.85924,1.85956
1333,2023-05-09 00:16:04,1.8592499999999998,1.85957
1334,2023-05-09 00:16:05,1.8592499999999998,1.8595700000000002
1336,2023-05-09 00:16:07,1.85922,1.85954
1338,2023-05-09 00:16:08,1.85922,1.85954
1339,2023-05-09 00:16:11,1.8592300000000002,1.85955
1340,2023-05-09 00:16:12,1.85921,1.85953
1341,2023-05-09 00:16:13,1.859215,1.859535
1343,2023-05-09 00:16:14,1.8592300000000002,1.85955
1344,2023-05-09 00:16:15,1.859205,1.8595249999999999
1346,2023-05-09 00:16:16,1.8592300000000002,1.85955
1348,2023-05-09 00:16:17,1.8592300000000002,1.85955
1349,2023-05-09 00:16:20,1.85924,1.85956
1350,2023-05-09 00:16:21,1.85919,1.85951
1352,2023-05-09 00:16:22,1.859215,1.859535
1354,2023-05-09 00:16:23,1.8592300000000002,1.85955
1355,2023-05-09 00:16:25,1.8592499999999998,1.85957
1358,2023-05-09 00:16:26,1.8592549999999999,1.859575
1360,2023-05-09 00:16:27,1.85924,1.85956
1361,2023-05-09 00:16:28,1.8592300000000002,1.85955
1362,2023-05-09 00:16:29,1.85921,1.85953
1363,2023-05-09 00:16:30,1.8592250000000001,1.859545
1365,2023-05-09 00:16:31,1.85922,1.85954
1366,2023-05-09 00:16:32,1.8592499999999998,1.85957
1367,2023-05-09 00:16:33,1.85926,1.85958
1368,2023-05-09 00:16:34,1.8592849999999999,1.859605
1370,2023-05-09 00:16:44,1.85929,1.85961
1371,2023-05-09 00:16:50,1.85927,1.8595899999999999
1373,2023-05-09 00:16:51,1.85928,1.8596
1374,2023-05-09 00:16:52,1.85929,1.85961
1375,2023-05-09 00:16:55,1.85926,1.85958
1376,2023-05-09 00:16:56,1.859245,1.85957
1378,2023-05-09 00:16:57,1.8592499999999998,1.85957
1379,2023-05-09 00:16:58,1.8592499999999998,1.859575
1381,2023-05-09 00:17:00,1.85928,1.8596
1382,2023-05-09 00:17:01,1.859195,1.859515
1384,2023-05-09 00:17:02,1.859215,1.859535
1386,2023-05-09 00:17:03,1.85924,1.85956
1387,2023-05-09 00:17:04,1.8592300000000002,1.85956
1388,2023-05-09 00:17:05,1.859235,1.85956
1390,2023-05-09 00:17:07,1.8592650000000002,1.85959
1392,2023-05-09 00:17:08,1.8592499999999998,1.85957
1393,2023-05-09 00:17:09,1.8592300000000002,1.85956
1394,2023-05-09 00:17:11,1.85918,1.8595000000000002
1395,2023-05-09 00:17:12,1.85908,1.8594
1396,2023-05-09 00:17:13,1.8590900000000001,1.85941
1397,2023-05-09 00:17:15,1.859085,1.859405
1399,2023-05-09 00:17:16,1.85906,1.85938
1400,2023-05-09 00:17:17,1.85908,1.8594
1403,2023-05-09 00:17:18,1.85906,1.85938
1404,2023-05-09 00:17:19,1.8590499999999999,1.85937
1405,2023-05-09 00:17:21,1.8590499999999999,1.85937
1409,2023-05-09 00:17:26,1.8590900000000001,1.85941
1412,2023-05-09 00:17:27,1.8591,1.85942
1415,2023-05-09 00:17:28,1.85911,1.8594300000000001
1418,2023-05-09 00:17:29,1.859105,1.8594249999999999
1420,2023-05-09 00:17:31,1.8591,1.85942
1421,2023-05-09 00:17:32,1.85911,1.8594300000000001
1422,2023-05-09 00:17:33,1.85913,1.8594499999999998
1424,2023-05-09 00:17:37,1.8591600000000001,1.85948
1426,2023-05-09 00:17:38,1.85919,1.85951
1427,2023-05-09 00:17:40,1.85917,1.85949
1428,2023-05-09 00:17:41,1.85918,1.8595000000000002
1429,2023-05-09 00:17:42,1.859175,1.8594950000000001
1431,2023-05-09 00:17:43,1.8591550000000001,1.859475
1433,2023-05-09 00:17:44,1.85914,1.85946
1434,2023-05-09 00:17:45,1.859125,1.859445
1436,2023-05-09 00:17:47,1.8591199999999999,1.8594400000000002
1438,2023-05-09 00:17:49,1.85914,1.85946
1439,2023-05-09 00:17:51,1.85917,1.85949
1440,2023-05-09 00:17:53,1.8591199999999999,1.8594400000000002
1442,2023-05-09 00:17:56,1.8591600000000001,1.85948
1443,2023-05-09 00:17:58,1.8591250000000001,1.859445
1445,2023-05-09 00:18:00,1.85911,1.8594300000000001
1446,2023-05-09 00:18:01,1.85913,1.8594499999999998
1448,2023-05-09 00:18:02,1.8591600000000001,1.85948
1449,2023-05-09 00:18:04,1.859105,1.8594249999999999
1451,2023-05-09 00:18:05,1.8591199999999999,1.85944
1454,2023-05-09 00:18:06,1.85911,1.8594300000000001
1455,2023-05-09 00:18:07,1.85913,1.85945
1456,2023-05-09 00:18:08,1.85914,1.85946
1457,2023-05-09 00:18:10,1.85915,1.85947
1458,2023-05-09 00:18:12,1.85914,1.85946
1459,2023-05-09 00:18:15,1.85922,1.85954
1460,2023-05-09 00:18:18,1.85924,1.85956
1461,2023-05-09 00:18:22,1.8592499999999998,1.85957
1462,2023-05-09 00:18:25,1.85924,1.85956
1463,2023-05-09 00:18:26,1.8592499999999998,1.85957
1464,2023-05-09 00:18:28,1.85918,1.8595000000000002
1467,2023-05-09 00:18:29,1.85918,1.8595000000000002
1468,2023-05-09 00:18:30,1.85917,1.85949
1469,2023-05-09 00:18:35,1.8591600000000001,1.85948
1470,2023-05-09 00:18:38,1.859135,1.859455
1472,2023-05-09 00:18:41,1.859145,1.859465
1474,2023-05-09 00:18:43,1.8591600000000001,1.85948
1475,2023-05-09 00:18:45,1.8592300000000002,1.85955
1476,2023-05-09 00:18:46,1.85924,1.85956
1477,2023-05-09 00:18:48,1.859245,1.859565
1479,2023-05-09 00:18:50,1.8592499999999998,1.85957
1480,2023-05-09 00:18:51,1.85921,1.85953
1482,2023-05-09 00:18:52,1.85917,1.85949
1483,2023-05-09 00:18:53,1.8591600000000001,1.85948
1484,2023-05-09 00:18:55,1.85918,1.8595000000000002
1485,2023-05-09 00:18:56,1.85917,1.85949
1486,2023-05-09 00:18:57,1.85925,1.85957
1488,2023-05-09 00:18:58,1.85929,1.85961
1489,2023-05-09 00:18:59,1.8593,1.85962
1490,2023-05-09 00:19:00,1.85929,1.85961
1492,2023-05-09 00:19:01,1.85933,1.8596499999999998
1494,2023-05-09 00:19:02,1.859315,1.859635
1496,2023-05-09 00:19:03,1.859295,1.859615
1498,2023-05-09 00:19:06,1.8593,1.85962
1499,2023-05-09 00:19:07,1.859305,1.859625
1501,2023-05-09 00:19:08,1.859305,1.859625
1503,2023-05-09 00:19:09,1.85931,1.8596300000000001
1504,2023-05-09 00:19:10,1.85928,1.8596
1505,2023-05-09 00:19:11,1.8592499999999998,1.85957
1506,2023-05-09 00:19:13,1.85926,1.85958
1507,2023-05-09 00:19:14,1.859275,1.8595949999999999
1509,2023-05-09 00:19:15,1.85926,1.85958
1510,2023-05-09 00:19:16,1.85928,1.8596
1511,2023-05-09 00:19:17,1.85926,1.8595799999999998
1513,2023-05-09 00:19:18,1.859335,1.859655
1515,2023-05-09 00:19:19,1.85938,1.8597000000000001
1516,2023-05-09 00:19:20,1.859375,1.8596949999999999
1518,2023-05-09 00:19:21,1.85938,1.8597000000000001
1521,2023-05-09 00:19:22,1.8594,1.8597199999999998
1523,2023-05-09 00:19:23,1.859395,1.859715
1527,2023-05-09 00:19:24,1.859395,1.859715
1529,2023-05-09 00:19:25,1.859395,1.859715
1531,2023-05-09 00:19:26,1.8594,1.85972
1532,2023-05-09 00:19:27,1.8593899999999999,1.8597100000000002
1534,2023-05-09 00:19:30,1.859365,1.859685
1536,2023-05-09 00:19:31,1.8593899999999999,1.85971
1537,2023-05-09 00:19:32,1.85942,1.85974
1540,2023-05-09 00:19:34,1.85938,1.8597000000000001
1544,2023-05-09 00:19:35,1.859385,1.859705
1546,2023-05-09 00:19:37,1.85937,1.85969
1547,2023-05-09 00:19:38,1.859385,1.859705
1551,2023-05-09 00:19:39,1.85937,1.85969
1554,2023-05-09 00:19:40,1.85927,1.8595899999999999
1557,2023-05-09 00:19:41,1.859235,1.859555
1559,2023-05-09 00:19:42,1.85924,1.85956
1560,2023-05-09 00:19:44,1.85928,1.8596
1561,2023-05-09 00:19:45,1.859275,1.8595949999999999
1563,2023-05-09 00:19:47,1.85927,1.8595899999999999
1564,2023-05-09 00:19:48,1.85928,1.8596
1565,2023-05-09 00:19:49,1.859265,1.859585
1567,2023-05-09 00:19:50,1.859285,1.859605
1569,2023-05-09 00:19:52,1.85928,1.8596
1570,2023-05-09 00:19:53,1.8593199999999999,1.8596400000000002
1572,2023-05-09 00:19:54,1.859325,1.859645
1574,2023-05-09 00:19:57,1.859325,1.859645
1576,2023-05-09 00:19:58,1.8592250000000001,1.859545
1578,2023-05-09 00:19:59,1.85921,1.85953
1581,2023-05-09 00:20:00,1.85927,1.8595899999999999
1584,2023-05-09 00:20:01,1.85927,1.8595899999999999
1585,2023-05-09 00:20:02,1.8593,1.85962
1586,2023-05-09 00:20:04,1.85927,1.8595899999999999
1589,2023-05-09 00:20:06,1.859285,1.859605
1591,2023-05-09 00:20:07,1.85924,1.85956
1594,2023-05-09 00:20:08,1.85921,1.85953
1595,2023-05-09 00:20:15,1.85917,1.85949
1596,2023-05-09 00:20:16,1.859175,1.8594950000000001
1600,2023-05-09 00:20:19,1.85921,1.85953
1602,2023-05-09 00:20:20,1.859175,1.8594950000000001
1606,2023-05-09 00:20:21,1.8592499999999998,1.85957
1609,2023-05-09 00:20:22,1.85924,1.85956
1612,2023-05-09 00:20:23,1.8592499999999998,1.85957
1613,2023-05-09 00:20:25,1.8592499999999998,1.859575
1617,2023-05-09 00:20:26,1.85928,1.8596
1620,2023-05-09 00:20:27,1.859265,1.8595899999999999
1622,2023-05-09 00:20:28,1.85926,1.8595799999999998
1624,2023-05-09 00:20:29,1.85927,1.8595899999999999
1627,2023-05-09 00:20:30,1.85929,1.85962
1630,2023-05-09 00:20:31,1.8593,1.8596300000000001
1631,2023-05-09 00:20:32,1.85929,1.85961
1632,2023-05-09 00:20:33,1.859325,1.859645
1634,2023-05-09 00:20:35,1.85934,1.8596599999999999
1636,2023-05-09 00:20:37,1.8593,1.85962
1637,2023-05-09 00:20:42,1.85929,1.85961
1638,2023-05-09 00:20:43,1.8592499999999998,1.85957
1639,2023-05-09 00:20:44,1.85927,1.8595899999999999
1640,2023-05-09 00:20:45,1.85926,1.85958
1641,2023-05-09 00:20:46,1.85924,1.85956
1642,2023-05-09 00:20:48,1.85926,1.85958
1645,2023-05-09 00:20:50,1.85926,1.85958
1646,2023-05-09 00:20:51,1.8592549999999999,1.859575
1648,2023-05-09 00:20:54,1.859265,1.859585
1652,2023-05-09 00:20:55,1.85926,1.8595799999999998
1654,2023-05-09 00:20:56,1.8592499999999998,1.85957
1657,2023-05-09 00:20:57,1.85927,1.8595899999999999
1658,2023-05-09 00:20:58,1.85926,1.85958
1661,2023-05-09 00:20:59,1.85927,1.8595899999999999
1662,2023-05-09 00:21:00,1.85921,1.85953
1665,2023-05-09 00:21:01,1.859175,1.859495
1667,2023-05-09 00:21:05,1.85917,1.85949
1668,2023-05-09 00:21:07,1.85918,1.8595000000000002
1671,2023-05-09 00:21:08,1.859185,1.859505
1673,2023-05-09 00:21:09,1.8591550000000001,1.859475
1675,2023-05-09 00:21:11,1.85917,1.85949
1676,2023-05-09 00:21:16,1.8592149999999998,1.8595350000000002
1678,2023-05-09 00:21:17,1.85926,1.85958
1679,2023-05-09 00:21:22,1.8592300000000002,1.85955
1680,2023-05-09 00:21:23,1.8592,1.8595199999999998
1681,2023-05-09 00:21:24,1.85928,1.8596
1682,2023-05-09 00:21:31,1.85929,1.85961
1683,2023-05-09 00:21:36,1.859305,1.8596249999999999
1685,2023-05-09 00:21:40,1.85935,1.85967
1686,2023-05-09 00:21:42,1.859355,1.859675
1688,2023-05-09 00:21:43,1.8593600000000001,1.85968
1689,2023-05-09 00:21:44,1.8593899999999999,1.85971
1690,2023-05-09 00:21:45,1.8594,1.85972
1691,2023-05-09 00:21:46,1.8593899999999999,1.85971
1694,2023-05-09 00:21:48,1.85941,1.8597299999999999
1695,2023-05-09 00:21:49,1.859385,1.859705
1697,2023-05-09 00:21:50,1.8593600000000001,1.85968
1698,2023-05-09 00:21:55,1.85937,1.85969
1699,2023-05-09 00:21:56,1.8593600000000001,1.85968
1700,2023-05-09 00:21:57,1.85937,1.85969
1701,2023-05-09 00:21:59,1.8593600000000001,1.85968
1702,2023-05-09 00:22:00,1.85939,1.85971
1704,2023-05-09 00:22:02,1.8594400000000002,1.85976
1708,2023-05-09 00:22:03,1.8594950000000001,1.859815
1710,2023-05-09 00:22:06,1.85949,1.85981
1713,2023-05-09 00:22:07,1.8595,1.85982
1715,2023-05-09 00:22:08,1.8595249999999999,1.859845
1717,2023-05-09 00:22:09,1.859525,1.859845
1719,2023-05-09 00:22:10,1.8595199999999998,1.8598400000000002
1720,2023-05-09 00:22:11,1.85954,1.8598599999999998
1721,2023-05-09 00:22:12,1.859565,1.859885
1723,2023-05-09 00:22:13,1.859575,1.859895
1725,2023-05-09 00:22:14,1.859575,1.859895
1727,2023-05-09 00:22:15,1.85957,1.85989
1728,2023-05-09 00:22:16,1.85958,1.8599
1729,2023-05-09 00:22:20,1.85953,1.85985
1732,2023-05-09 00:22:21,1.85955,1.85987
1733,2023-05-09 00:22:25,1.85953,1.85985
1734,2023-05-09 00:22:27,1.859485,1.859805
1736,2023-05-09 00:22:29,1.85947,1.85979
1737,2023-05-09 00:22:30,1.85948,1.8598
1738,2023-05-09 00:22:31,1.85954,1.8598599999999998
1740,2023-05-09 00:22:36,1.85954,1.8598599999999998
1743,2023-05-09 00:22:37,1.859615,1.859935
1745,2023-05-09 00:22:41,1.85957,1.85989
1748,2023-05-09 00:22:43,1.85957,1.85989
1749,2023-05-09 00:22:45,1.85956,1.85988
1752,2023-05-09 00:22:46,1.85956,1.85988
1755,2023-05-09 00:22:47,1.8596,1.85992
1758,2023-05-09 00:22:49,1.859575,1.859895
1760,2023-05-09 00:22:50,1.8595899999999999,1.85991
1763,2023-05-09 00:22:51,1.859605,1.859925
1765,2023-05-09 00:22:53,1.859615,1.859935
1767,2023-05-09 00:22:57,1.859585,1.859905
1771,2023-05-09 00:22:58,1.85958,1.8599
1774,2023-05-09 00:22:59,1.85955,1.85987
1775,2023-05-09 00:23:00,1.8595899999999999,1.85991
1776,2023-05-09 00:23:05,1.859585,1.859905
1778,2023-05-09 00:23:08,1.859585,1.859905
1780,2023-05-09 00:23:09,1.85958,1.8599
1781,2023-05-09 00:23:10,1.8595899999999999,1.85991
1784,2023-05-09 00:23:11,1.85949,1.85981
1786,2023-05-09 00:23:12,1.85949,1.85981
1788,2023-05-09 00:23:13,1.85946,1.85978
1792,2023-05-09 00:23:14,1.85948,1.8598
1795,2023-05-09 00:23:15,1.85947,1.85979
1798,2023-05-09 00:23:16,1.85946,1.85978
1799,2023-05-09 00:23:17,1.85948,1.8598
1802,2023-05-09 00:23:18,1.85946,1.85978
1803,2023-05-09 00:23:19,1.85947,1.85979
1804,2023-05-09 00:23:20,1.85946,1.85978
1805,2023-05-09 00:23:21,1.85948,1.8598
1807,2023-05-09 00:23:23,1.859485,1.859805
1809,2023-05-09 00:23:24,1.85947,1.85979
1810,2023-05-09 00:23:26,1.85945,1.8597700000000001
1811,2023-05-09 00:23:27,1.85947,1.85979
1812,2023-05-09 00:23:29,1.85955,1.85987
1814,2023-05-09 00:23:33,1.85951,1.85983
1815,2023-05-09 00:23:36,1.8595000000000002,1.85982
1816,2023-05-09 00:23:37,1.859515,1.8598350000000001
1820,2023-05-09 00:23:38,1.859515,1.8598350000000001
1822,2023-05-09 00:23:41,1.85953,1.85985
1823,2023-05-09 00:23:42,1.85954,1.8598599999999998
1824,2023-05-09 00:23:43,1.85953,1.85985
1825,2023-05-09 00:23:44,1.85954,1.8598599999999998
1826,2023-05-09 00:23:45,1.85953,1.85985
1827,2023-05-09 00:23:46,1.85954,1.8598599999999998
1830,2023-05-09 00:23:47,1.85953,1.85985
1832,2023-05-09 00:23:48,1.859545,1.8598649999999999
1834,2023-05-09 00:23:50,1.8595199999999998,1.8598400000000002
1836,2023-05-09 00:23:55,1.85949,1.85981
1838,2023-05-09 00:23:56,1.85951,1.85983
1841,2023-05-09 00:23:57,1.8595199999999998,1.8598400000000002
1843,2023-05-09 00:23:58,1.859515,1.8598350000000001
1845,2023-05-09 00:23:59,1.8595199999999998,1.8598400000000002
1846,2023-05-09 00:24:00,1.85951,1.85983
1847,2023-05-09 00:24:01,1.8595199999999998,1.8598400000000002
1848,2023-05-09 00:24:02,1.85953,1.85985
1849,2023-05-09 00:24:03,1.8595199999999998,1.8598400000000002
1850,2023-05-09 00:24:06,1.85951,1.85983
1851,2023-05-09 00:24:07,1.85962,1.85994
1852,2023-05-09 00:24:08,1.85964,1.85996
1855,2023-05-09 00:24:09,1.859635,1.859955
1857,2023-05-09 00:24:11,1.85962,1.85994
1858,2023-05-09 00:24:15,1.85961,1.8599299999999999
1859,2023-05-09 00:24:17,1.8595899999999999,1.85991
1860,2023-05-09 00:24:18,1.8596,1.85992
1863,2023-05-09 00:24:23,1.859675,1.859995
1865,2023-05-09 00:24:24,1.85967,1.85999
1866,2023-05-09 00:24:25,1.85968,1.8599999999999999
1867,2023-05-09 00:24:28,1.85969,1.86001
1869,2023-05-09 00:24:31,1.8595899999999999,1.85991
1872,2023-05-09 00:24:32,1.859595,1.859915
1876,2023-05-09 00:24:35,1.85965,1.8599700000000001
1877,2023-05-09 00:24:37,1.859625,1.859945
1879,2023-05-09 00:24:38,1.85962,1.85994
1880,2023-05-09 00:24:42,1.859605,1.859925
1882,2023-05-09 00:24:45,1.859645,1.859965
1884,2023-05-09 00:24:47,1.85968,1.8599999999999999
1885,2023-05-09 00:24:49,1.859685,1.860005
1887,2023-05-09 00:24:52,1.859705,1.860025
1889,2023-05-09 00:24:53,1.859705,1.860025
1891,2023-05-09 00:24:54,1.859705,1.860025
1893,2023-05-09 00:24:55,1.8597000000000001,1.86002
1894,2023-05-09 00:24:56,1.85972,1.8600400000000001
1895,2023-05-09 00:24:58,1.859715,1.8600349999999999
1897,2023-05-09 00:24:59,1.859655,1.859975
1899,2023-05-09 00:25:00,1.8596599999999999,1.8599800000000002
1901,2023-05-09 00:25:01,1.859705,1.8600249999999998
1903,2023-05-09 00:25:02,1.85974,1.86006
1904,2023-05-09 00:25:05,1.85975,1.86007
1907,2023-05-09 00:25:06,1.8597299999999999,1.86005
1908,2023-05-09 00:25:07,1.85974,1.8600599999999998
1910,2023-05-09 00:25:09,1.85979,1.8601100000000002
1913,2023-05-09 00:25:10,1.85983,1.86015
1914,2023-05-09 00:25:12,1.859815,1.8601349999999999
1916,2023-05-09 00:25:14,1.85982,1.86014
1917,2023-05-09 00:25:16,1.85987,1.86019
1918,2023-05-09 00:25:20,1.85988,1.8601999999999999
1919,2023-05-09 00:25:23,1.859825,1.860145
1921,2023-05-09 00:25:26,1.85989,1.86021
1922,2023-05-09 00:25:27,1.85987,1.8601899999999998
1924,2023-05-09 00:25:29,1.85987,1.86019
1925,2023-05-09 00:25:32,1.85988,1.8601999999999999
1927,2023-05-09 00:25:39,1.8598599999999998,1.86018
1928,2023-05-09 00:25:40,1.859875,1.860195
1930,2023-05-09 00:25:42,1.85989,1.86021
1931,2023-05-09 00:25:46,1.8599,1.86022
1932,2023-05-09 00:25:47,1.85989,1.86021
1933,2023-05-09 00:25:48,1.859805,1.860125
1937,2023-05-09 00:25:49,1.8597800000000002,1.8601
1939,2023-05-09 00:25:50,1.85981,1.8601299999999998
1942,2023-05-09 00:25:51,1.85979,1.8601100000000002
1945,2023-05-09 00:25:52,1.8597700000000001,1.86009
1948,2023-05-09 00:25:53,1.85978,1.8600999999999999
1950,2023-05-09 00:25:54,1.85983,1.86015
1952,2023-05-09 00:25:55,1.8598599999999998,1.86018
1953,2023-05-09 00:25:56,1.8598649999999999,1.860185
1955,2023-05-09 00:25:57,1.859875,1.860195
1957,2023-05-09 00:26:00,1.8598350000000001,1.860155
1959,2023-05-09 00:26:01,1.8598400000000002,1.86016
1960,2023-05-09 00:26:02,1.85983,1.86015
1961,2023-05-09 00:26:03,1.8598400000000002,1.86016
1962,2023-05-09 00:26:04,1.85983,1.86015
1963,2023-05-09 00:26:06,1.8598400000000002,1.86016
1964,2023-05-09 00:26:08,1.85983,1.86015
1967,2023-05-09 00:26:09,1.859835,1.860155
1969,2023-05-09 00:26:10,1.859825,1.860145
1971,2023-05-09 00:26:11,1.8598400000000002,1.86016
1972,2023-05-09 00:26:12,1.85983,1.86015
1973,2023-05-09 00:26:13,1.8598150000000002,1.860135
1975,2023-05-09 00:26:14,1.85976,1.86008
1978,2023-05-09 00:26:15,1.8598,1.86012
1981,2023-05-09 00:26:17,1.8598,1.86012
1982,2023-05-09 00:26:18,1.85981,1.8601299999999998
1983,2023-05-09 00:26:19,1.859825,1.860145
1985,2023-05-09 00:26:20,1.8597899999999998,1.8601100000000002
1987,2023-05-09 00:26:25,1.85974,1.86006
1988,2023-05-09 00:26:26,1.85972,1.8600400000000001
1989,2023-05-09 00:26:28,1.8597299999999999,1.86005
1990,2023-05-09 00:26:30,1.859785,1.860105
1992,2023-05-09 00:26:31,1.8598350000000001,1.860155
1994,2023-05-09 00:26:37,1.85982,1.86014
1995,2023-05-09 00:26:38,1.8598400000000002,1.86016
1998,2023-05-09 00:26:39,1.85987,1.86019
1999,2023-05-09 00:26:40,1.85988,1.8601999999999999
2002,2023-05-09 00:26:41,1.859875,1.860195
2004,2023-05-09 00:26:42,1.8598649999999999,1.860185
2006,2023-05-09 00:26:45,1.85987,1.86019
2007,2023-05-09 00:26:46,1.85985,1.86017
2008,2023-05-09 00:26:47,1.85985,1.86017
2011,2023-05-09 00:26:49,1.85987,1.8601899999999998
2013,2023-05-09 00:26:50,1.85987,1.86019
2014,2023-05-09 00:26:51,1.85985,1.86017
2017,2023-05-09 00:26:52,1.8598400000000002,1.86016
2018,2023-05-09 00:26:53,1.859815,1.8601349999999999
2020,2023-05-09 00:26:54,1.8598400000000002,1.86016
2021,2023-05-09 00:26:55,1.85985,1.86017
2022,2023-05-09 00:26:56,1.859815,1.8601349999999999
2026,2023-05-09 00:26:57,1.8598599999999998,1.86018
2027,2023-05-09 00:26:59,1.859845,1.860165
2029,2023-05-09 00:27:00,1.859855,1.860175
2031,2023-05-09 00:27:01,1.859845,1.860165
2033,2023-05-09 00:27:02,1.85982,1.86014
2034,2023-05-09 00:27:03,1.85983,1.86015
2035,2023-05-09 00:27:04,1.8598400000000002,1.86016
2036,2023-05-09 00:27:06,1.85987,1.86019
2037,2023-05-09 00:27:07,1.8598599999999998,1.86018
2038,2023-05-09 00:27:08,1.85985,1.86017
2041,2023-05-09 00:27:09,1.859845,1.860165
2043,2023-05-09 00:27:10,1.859855,1.860175
2045,2023-05-09 00:27:11,1.8598050000000002,1.860125
2047,2023-05-09 00:27:12,1.859805,1.860125
2049,2023-05-09 00:27:15,1.8598,1.86012
2050,2023-05-09 00:27:16,1.85981,1.8601299999999998
2051,2023-05-09 00:27:19,1.85981,1.8601299999999998
2053,2023-05-09 00:27:20,1.85979,1.8601100000000002
2054,2023-05-09 00:27:21,1.8597700000000001,1.86009
2055,2023-05-09 00:27:23,1.8597650000000001,1.860085
2057,2023-05-09 00:27:25,1.85976,1.86008
2058,2023-05-09 00:27:27,1.85978,1.8601
2059,2023-05-09 00:27:28,1.8597700000000001,1.86009
2060,2023-05-09 00:27:29,1.8597700000000001,1.86009
2063,2023-05-09 00:27:30,1.859755,1.860075
2065,2023-05-09 00:27:31,1.85972,1.8600400000000001
2068,2023-05-09 00:27:32,1.85974,1.86007
2072,2023-05-09 00:27:33,1.85975,1.86007
2073,2023-05-09 00:27:35,1.8597650000000001,1.860085
2075,2023-05-09 00:27:36,1.8597700000000001,1.8601100000000002
2076,2023-05-09 00:27:37,1.85979,1.860115
2078,2023-05-09 00:27:38,1.85979,1.8601100000000002
2082,2023-05-09 00:27:41,1.8597700000000001,1.860095
2084,2023-05-09 00:27:42,1.85974,1.8600599999999998
2086,2023-05-09 00:27:44,1.859745,1.860065
2088,2023-05-09 00:27:53,1.85974,1.86006
2089,2023-05-09 00:27:55,1.85971,1.86003
2091,2023-05-09 00:27:56,1.859685,1.86001
2093,2023-05-09 00:27:57,1.859705,1.860025
2095,2023-05-09 00:28:00,1.85971,1.86003
2096,2023-05-09 00:28:04,1.85974,1.86006
2097,2023-05-09 00:28:05,1.8597299999999999,1.86005
2098,2023-05-09 00:28:08,1.85972,1.8600400000000001
2099,2023-05-09 00:28:11,1.8597299999999999,1.86005
2100,2023-05-09 00:28:19,1.85972,1.8600400000000001
2101,2023-05-09 00:28:20,1.8597299999999999,1.86005
2102,2023-05-09 00:28:25,1.85974,1.86006
2103,2023-05-09 00:28:26,1.8597299999999999,1.86005
2104,2023-05-09 00:28:30,1.85974,1.86006
2105,2023-05-09 00:28:31,1.85975,1.86007
2106,2023-05-09 00:28:36,1.85974,1.86006
2107,2023-05-09 00:28:37,1.859755,1.860075
2109,2023-05-09 00:28:39,1.85975,1.86007
2110,2023-05-09 00:28:43,1.85972,1.8600400000000001
2111,2023-05-09 00:28:45,1.8597299999999999,1.86005
2112,2023-05-09 00:28:46,1.85975,1.86007
2113,2023-05-09 00:28:56,1.85974,1.86006
2114,2023-05-09 00:29:00,1.859745,1.860065
2116,2023-05-09 00:29:03,1.85975,1.8601
2117,2023-05-09 00:29:04,1.85974,1.86007
2118,2023-05-09 00:29:06,1.859745,1.860085
2120,2023-05-09 00:29:08,1.85975,1.86007
2121,2023-05-09 00:29:09,1.85974,1.86007
2122,2023-05-09 00:29:12,1.85975,1.86009
2123,2023-05-09 00:29:13,1.85975,1.86008
2124,2023-05-09 00:29:14,1.85975,1.86009
2125,2023-05-09 00:29:15,1.85976,1.86009
2126,2023-05-09 00:29:17,1.85974,1.86006
2129,2023-05-09 00:29:18,1.859705,1.8600249999999998
2131,2023-05-09 00:29:19,1.85965,1.8599700000000001
2132,2023-05-09 00:29:20,1.85968,1.8599999999999999
2134,2023-05-09 00:29:23,1.8597000000000001,1.86002
2135,2023-05-09 00:29:24,1.859675,1.859995
2137,2023-05-09 00:29:25,1.85971,1.86003
2140,2023-05-09 00:29:27,1.85971,1.86003
2141,2023-05-09 00:29:29,1.8597000000000001,1.86002
2142,2023-05-09 00:29:30,1.859695,1.860015
2144,2023-05-09 00:29:32,1.85971,1.86003
2145,2023-05-09 00:29:36,1.8597000000000001,1.86002
2146,2023-05-09 00:29:37,1.8597000000000001,1.86002
2149,2023-05-09 00:29:38,1.859725,1.860045
2153,2023-05-09 00:29:39,1.85972,1.8600400000000001
2154,2023-05-09 00:29:40,1.8597299999999999,1.86005
2155,2023-05-09 00:29:41,1.859715,1.860035
2157,2023-05-09 00:29:42,1.85972,1.8600400000000001
2158,2023-05-09 00:29:43,1.85974,1.86006
2159,2023-05-09 00:29:44,1.859725,1.860045
2161,2023-05-09 00:29:45,1.85971,1.86003
2162,2023-05-09 00:29:46,1.859735,1.860055
2164,2023-05-09 00:29:47,1.859735,1.860055
2166,2023-05-09 00:29:49,1.85972,1.8600400000000001
2167,2023-05-09 00:29:50,1.85971,1.86003
2168,2023-05-09 00:29:52,1.859725,1.860045
2170,2023-05-09 00:29:53,1.85974,1.86006
2171,2023-05-09 00:29:54,1.8597299999999999,1.86005
2172,2023-05-09 00:29:58,1.85969,1.86001
2173,2023-05-09 00:29:59,1.859715,1.860035
2175,2023-05-09 00:30:00,1.85974,1.86006
2178,2023-05-09 00:30:01,1.85965,1.8599700000000001
2181,2023-05-09 00:30:02,1.8596300000000001,1.85995
2182,2023-05-09 00:30:03,1.85965,1.8599700000000001
2183,2023-05-09 00:30:04,1.859605,1.859925
2187,2023-05-09 00:30:05,1.8595899999999999,1.85991
2188,2023-05-09 00:30:07,1.85957,1.85989
2189,2023-05-09 00:30:08,1.859585,1.859905
2191,2023-05-09 00:30:09,1.859605,1.859925
2193,2023-05-09 00:30:10,1.85962,1.85994
2194,2023-05-09 00:30:11,1.859645,1.859965
2196,2023-05-09 00:30:12,1.8596300000000001,1.8599700000000001
2199,2023-05-09 00:30:13,1.8596650000000001,1.859985
2201,2023-05-09 00:30:14,1.85971,1.86003
2204,2023-05-09 00:30:15,1.859695,1.860015
2206,2023-05-09 00:30:16,1.85967,1.85999
2207,2023-05-09 00:30:17,1.8597,1.86002
2209,2023-05-09 00:30:18,1.859745,1.860065
2211,2023-05-09 00:30:19,1.85975,1.86007
2214,2023-05-09 00:30:20,1.8597650000000001,1.860085
2216,2023-05-09 00:30:21,1.859755,1.860075
2218,2023-05-09 00:30:23,1.859745,1.860065
2220,2023-05-09 00:30:24,1.859755,1.860075
2224,2023-05-09 00:30:25,1.8597700000000001,1.86009
2225,2023-05-09 00:30:26,1.85986,1.86018
2227,2023-05-09 00:30:27,1.8598599999999998,1.86018
2228,2023-05-09 00:30:28,1.859855,1.860175
2230,2023-05-09 00:30:29,1.85985,1.86017
2231,2023-05-09 00:30:30,1.859805,1.860125
2233,2023-05-09 00:30:31,1.85981,1.8601299999999998
2234,2023-05-09 00:30:33,1.8598,1.86012
2235,2023-05-09 00:30:36,1.85981,1.8601299999999998
2236,2023-05-09 00:30:38,1.85979,1.8601100000000002
2237,2023-05-09 00:30:46,1.859855,1.860175
2239,2023-05-09 00:30:54,1.85989,1.86021
2240,2023-05-09 00:30:55,1.8598599999999998,1.86018
2241,2023-05-09 00:30:56,1.85987,1.8601899999999998
2243,2023-05-09 00:30:57,1.85988,1.8601999999999999
2244,2023-05-09 00:30:58,1.85987,1.86019
2245,2023-05-09 00:30:59,1.859885,1.8602049999999999
2247,2023-05-09 00:31:00,1.85987,1.86019
2248,2023-05-09 00:31:01,1.85988,1.8601999999999999
2249,2023-05-09 00:31:03,1.85987,1.8601999999999999
2252,2023-05-09 00:31:04,1.8599,1.86022
2253,2023-05-09 00:31:05,1.85991,1.86023
2254,2023-05-09 00:31:10,1.85989,1.86021
2258,2023-05-09 00:31:11,1.85992,1.8602400000000001
2259,2023-05-09 00:31:12,1.8599,1.86022
2260,2023-05-09 00:31:13,1.859925,1.860245
2262,2023-05-09 00:31:15,1.8599199999999998,1.860245
2264,2023-05-09 00:31:16,1.85988,1.8601999999999999
2267,2023-05-09 00:31:17,1.8599299999999999,1.86025
2268,2023-05-09 00:31:18,1.85992,1.8602400000000001
2269,2023-05-09 00:31:20,1.8599299999999999,1.86025
2270,2023-05-09 00:31:21,1.859915,1.860235
2272,2023-05-09 00:31:22,1.85992,1.8602400000000001
2273,2023-05-09 00:31:24,1.859895,1.860215
2275,2023-05-09 00:31:28,1.859895,1.860215
2277,2023-05-09 00:31:29,1.859895,1.860215
2279,2023-05-09 00:31:30,1.859895,1.860215
2281,2023-05-09 00:31:31,1.85989,1.86021
2283,2023-05-09 00:31:32,1.85989,1.86021
2284,2023-05-09 00:31:34,1.8599,1.86022
2285,2023-05-09 00:31:35,1.85988,1.8601999999999999
2286,2023-05-09 00:31:37,1.85987,1.86019
2287,2023-05-09 00:31:42,1.859865,1.860185
2289,2023-05-09 00:31:43,1.85981,1.8601299999999998
2292,2023-05-09 00:31:44,1.859825,1.860145
2294,2023-05-09 00:31:46,1.859835,1.8601549999999998
2296,2023-05-09 00:31:50,1.85985,1.86017
2297,2023-05-09 00:31:51,1.85983,1.86015
2298,2023-05-09 00:31:52,1.85983,1.86015
2301,2023-05-09 00:31:53,1.85982,1.86014
2302,2023-05-09 00:31:54,1.8598400000000002,1.86016
2305,2023-05-09 00:31:56,1.8598599999999998,1.86018
2306,2023-05-09 00:31:57,1.85987,1.86019
2307,2023-05-09 00:31:58,1.85988,1.8601999999999999
2308,2023-05-09 00:32:00,1.85988,1.8601999999999999
2311,2023-05-09 00:32:02,1.8599299999999999,1.86025
2312,2023-05-09 00:32:03,1.8599199999999998,1.8602400000000001
2314,2023-05-09 00:32:05,1.85991,1.86023
2317,2023-05-09 00:32:06,1.8599299999999999,1.86025
2318,2023-05-09 00:32:07,1.859945,1.860265
2320,2023-05-09 00:32:19,1.85992,1.8602400000000001
2321,2023-05-09 00:32:20,1.8599,1.86022
2322,2023-05-09 00:32:23,1.85991,1.86023
2323,2023-05-09 00:32:25,1.859995,1.860315
2327,2023-05-09 00:32:28,1.8599999999999999,1.86032
2328,2023-05-09 00:32:34,1.85995,1.86027
2330,2023-05-09 00:32:41,1.85998,1.8603
2331,2023-05-09 00:32:44,1.85997,1.86029
2333,2023-05-09 00:32:45,1.8599299999999999,1.86025
2334,2023-05-09 00:32:47,1.85994,1.86026
2335,2023-05-09 00:32:50,1.8599700000000001,1.86029
2336,2023-05-09 00:32:51,1.85999,1.8603100000000001
2337,2023-05-09 00:32:53,1.86001,1.86033
2338,2023-05-09 00:32:55,1.85998,1.8603
2339,2023-05-09 00:33:00,1.85998,1.8603
2340,2023-05-09 00:33:01,1.8601,1.86042
2344,2023-05-09 00:33:02,1.8600949999999998,1.8604150000000002
2346,2023-05-09 00:33:03,1.86008,1.8604
2347,2023-05-09 00:33:05,1.8600599999999998,1.8603800000000001
2349,2023-05-09 00:33:10,1.8600400000000001,1.86036
2350,2023-05-09 00:33:11,1.86002,1.8603399999999999
2351,2023-05-09 00:33:12,1.8600400000000001,1.86036
2352,2023-05-09 00:33:16,1.860115,1.860435
2354,2023-05-09 00:33:19,1.86012,1.86044
2355,2023-05-09 00:33:25,1.8601299999999998,1.8604500000000002
2356,2023-05-09 00:33:26,1.8601100000000002,1.86043
2358,2023-05-09 00:33:27,1.8601299999999998,1.8604500000000002
2359,2023-05-09 00:33:28,1.8601100000000002,1.86043
2360,2023-05-09 00:33:29,1.86012,1.86044
2361,2023-05-09 00:33:30,1.86015,1.8604699999999998
2362,2023-05-09 00:33:35,1.86016,1.86048
2363,2023-05-09 00:33:36,1.86007,1.86039
2364,2023-05-09 00:33:37,1.860065,1.860385
2366,2023-05-09 00:33:38,1.86009,1.86041
2369,2023-05-09 00:33:39,1.860245,1.860565
2371,2023-05-09 00:33:40,1.86018,1.8605
2372,2023-05-09 00:33:42,1.86019,1.86051
2373,2023-05-09 00:33:43,1.8601999999999999,1.86052
2374,2023-05-09 00:33:44,1.8601299999999998,1.8604500000000002
2375,2023-05-09 00:33:45,1.8601100000000002,1.86043
2376,2023-05-09 00:33:46,1.860175,1.860495
2378,2023-05-09 00:33:47,1.8602699999999999,1.86059
2380,2023-05-09 00:33:48,1.8603,1.86062
2381,2023-05-09 00:33:50,1.86022,1.8605399999999999
2382,2023-05-09 00:33:53,1.86023,1.86055
2383,2023-05-09 00:33:56,1.86019,1.86051
2384,2023-05-09 00:33:58,1.86018,1.8605
2385,2023-05-09 00:34:00,1.86018,1.8605
2386,2023-05-09 00:34:06,1.86021,1.8605299999999998
2388,2023-05-09 00:34:07,1.86018,1.8605
2389,2023-05-09 00:34:09,1.8601999999999999,1.860525
2391,2023-05-09 00:34:16,1.86007,1.86039
2394,2023-05-09 00:34:18,1.86003,1.86035
2395,2023-05-09 00:34:21,1.8600400000000001,1.86036
2396,2023-05-09 00:34:22,1.8599999999999999,1.86032
2397,2023-05-09 00:34:23,1.859965,1.860285
2399,2023-05-09 00:34:24,1.86001,1.8603299999999998
2401,2023-05-09 00:34:26,1.86001,1.86033
2402,2023-05-09 00:34:28,1.85995,1.8602699999999999
2403,2023-05-09 00:34:29,1.85994,1.86026
2404,2023-05-09 00:34:30,1.860015,1.860335
2406,2023-05-09 00:34:36,1.86002,1.8603399999999999
2407,2023-05-09 00:34:37,1.86003,1.86035
2408,2023-05-09 00:34:42,1.86002,1.8603399999999999
2409,2023-05-09 00:34:46,1.86001,1.86033
2410,2023-05-09 00:34:51,1.860005,1.860325
2412,2023-05-09 00:34:54,1.85999,1.8603100000000001
2413,2023-05-09 00:34:55,1.8599999999999999,1.86032
2414,2023-05-09 00:34:56,1.86001,1.86033
2415,2023-05-09 00:34:57,1.85999,1.8603100000000001
2416,2023-05-09 00:34:59,1.860005,1.860325
2418,2023-05-09 00:35:00,1.86001,1.86033
2419,2023-05-09 00:35:01,1.860005,1.860325
2421,2023-05-09 00:35:02,1.86001,1.8603299999999998
2423,2023-05-09 00:35:03,1.860015,1.860335
2425,2023-05-09 00:35:04,1.8600400000000001,1.86036
2426,2023-05-09 00:35:05,1.85996,1.86028
2429,2023-05-09 00:35:06,1.859985,1.860305
2431,2023-05-09 00:35:07,1.85998,1.8603
2432,2023-05-09 00:35:08,1.859955,1.8602750000000001
2434,2023-05-09 00:35:09,1.85994,1.86026
2435,2023-05-09 00:35:17,1.8599299999999999,1.86025
2436,2023-05-09 00:35:19,1.85994,1.86026
2437,2023-05-09 00:35:21,1.8599299999999999,1.86025
2438,2023-05-09 00:35:23,1.85992,1.8602400000000001
2439,2023-05-09 00:35:27,1.85991,1.86023
2442,2023-05-09 00:35:29,1.85992,1.8602400000000001
2443,2023-05-09 00:35:31,1.859915,1.860235
2445,2023-05-09 00:35:35,1.85989,1.86021
2446,2023-05-09 00:35:36,1.8599,1.86022
2447,2023-05-09 00:35:37,1.85988,1.8601999999999999
2450,2023-05-09 00:35:38,1.85989,1.86021
2451,2023-05-09 00:35:41,1.8599,1.86022
2452,2023-05-09 00:35:47,1.859895,1.860215
2454,2023-05-09 00:35:48,1.85991,1.86023
2455,2023-05-09 00:35:49,1.859905,1.860225
2457,2023-05-09 00:35:52,1.8599,1.86022
2458,2023-05-09 00:35:57,1.85995,1.8602699999999999
2459,2023-05-09 00:35:58,1.859975,1.860295
2461,2023-05-09 00:35:59,1.85996,1.86028
2462,2023-05-09 00:36:00,1.8599700000000001,1.86029
2463,2023-05-09 00:36:01,1.85998,1.8603
2464,2023-05-09 00:36:02,1.85999,1.8603100000000001
2465,2023-05-09 00:36:04,1.859985,1.860305
2467,2023-05-09 00:36:06,1.85996,1.86028
2468,2023-05-09 00:36:09,1.85998,1.8603
2469,2023-05-09 00:36:10,1.859965,1.860285
2471,2023-05-09 00:36:11,1.859975,1.860295
2473,2023-05-09 00:36:12,1.85999,1.8603100000000001
2474,2023-05-09 00:36:15,1.8599999999999999,1.86032
2475,2023-05-09 00:36:17,1.85998,1.8603
2476,2023-05-09 00:36:18,1.85995,1.8602699999999999
2479,2023-05-09 00:36:20,1.859935,1.860255
2483,2023-05-09 00:36:21,1.85994,1.86026
2484,2023-05-09 00:36:25,1.85995,1.8602699999999999
2485,2023-05-09 00:36:26,1.8599299999999999,1.86025
2486,2023-05-09 00:36:27,1.859905,1.860225
2490,2023-05-09 00:36:28,1.8599,1.86022
2492,2023-05-09 00:36:29,1.85991,1.86023
2495,2023-05-09 00:36:30,1.86001,1.8603299999999998
2497,2023-05-09 00:36:32,1.860035,1.860355
2499,2023-05-09 00:36:34,1.860045,1.860365
2501,2023-05-09 00:36:35,1.860045,1.860365
2503,2023-05-09 00:36:37,1.860035,1.860355
2505,2023-05-09 00:36:38,1.8600400000000001,1.86036
2506,2023-05-09 00:36:40,1.86003,1.86035
2507,2023-05-09 00:36:41,1.8600400000000001,1.86036
2511,2023-05-09 00:36:42,1.8600400000000001,1.86036
2512,2023-05-09 00:36:47,1.8600400000000001,1.86036
2514,2023-05-09 00:36:49,1.8600400000000001,1.86036
2515,2023-05-09 00:36:52,1.86002,1.8603399999999999
2516,2023-05-09 00:36:56,1.86003,1.86035
2517,2023-05-09 00:36:57,1.86002,1.8603399999999999
2518,2023-05-09 00:36:58,1.86001,1.86033
2519,2023-05-09 00:37:00,1.86001,1.86033
2520,2023-05-09 00:37:04,1.86003,1.86035
2523,2023-05-09 00:37:05,1.86002,1.8603399999999999
2524,2023-05-09 00:37:11,1.86001,1.86033
2525,2023-05-09 00:37:15,1.8599999999999999,1.86032
2526,2023-05-09 00:37:16,1.85999,1.8603100000000001
2527,2023-05-09 00:37:17,1.86001,1.86033
2528,2023-05-09 00:37:20,1.86002,1.8603399999999999
2529,2023-05-09 00:37:21,1.86002,1.8603399999999999
2532,2023-05-09 00:37:22,1.86002,1.8603399999999999
2533,2023-05-09 00:37:23,1.86001,1.86033
2534,2023-05-09 00:37:24,1.86002,1.8603399999999999
2535,2023-05-09 00:37:25,1.86001,1.86033
2536,2023-05-09 00:37:26,1.86002,1.8603399999999999
2537,2023-05-09 00:37:28,1.86009,1.86041
2538,2023-05-09 00:37:30,1.8601,1.86042
2539,2023-05-09 00:37:31,1.86009,1.86041
2540,2023-05-09 00:37:32,1.860075,1.860395
2542,2023-05-09 00:37:33,1.86008,1.8604
2545,2023-05-09 00:37:34,1.8601050000000001,1.860425
2547,2023-05-09 00:37:41,1.8601299999999998,1.8604500000000002
2548,2023-05-09 00:37:42,1.86014,1.86046
2549,2023-05-09 00:37:44,1.8601299999999998,1.8604500000000002
2550,2023-05-09 00:37:47,1.86019,1.86051
2551,2023-05-09 00:37:48,1.860285,1.860605
2553,2023-05-09 00:37:49,1.86029,1.8606099999999999
2554,2023-05-09 00:37:50,1.860295,1.860615
2556,2023-05-09 00:37:51,1.86029,1.8606099999999999
2559,2023-05-09 00:37:52,1.860275,1.860595
2561,2023-05-09 00:37:56,1.86029,1.8606099999999999
2564,2023-05-09 00:37:58,1.86028,1.8606
2565,2023-05-09 00:37:59,1.8602,1.86052
2567,2023-05-09 00:38:00,1.86018,1.8605
2568,2023-05-09 00:38:01,1.86026,1.8605800000000001
2569,2023-05-09 00:38:02,1.860285,1.860605
2571,2023-05-09 00:38:03,1.86028,1.8606
2572,2023-05-09 00:38:04,1.86029,1.8606099999999999
2573,2023-05-09 00:38:07,1.8602699999999999,1.86059
2574,2023-05-09 00:38:08,1.860285,1.860605
2576,2023-05-09 00:38:09,1.860285,1.860605
2578,2023-05-09 00:38:10,1.8602699999999999,1.86059
2579,2023-05-09 00:38:12,1.860265,1.860585
2581,2023-05-09 00:38:13,1.8602699999999999,1.86059
2582,2023-05-09 00:38:14,1.86019,1.86051
2585,2023-05-09 00:38:15,1.86012,1.86044
2586,2023-05-09 00:38:16,1.8601299999999998,1.8604500000000002
2587,2023-05-09 00:38:17,1.86015,1.8604699999999998
2588,2023-05-09 00:38:18,1.86014,1.86046
2589,2023-05-09 00:38:19,1.86015,1.8604699999999998
2590,2023-05-09 00:38:20,1.86016,1.86048
2591,2023-05-09 00:38:23,1.86017,1.86049
2592,2023-05-09 00:38:24,1.86016,1.86048
2593,2023-05-09 00:38:25,1.86015,1.8604699999999998
2594,2023-05-09 00:38:26,1.86017,1.86049
2595,2023-05-09 00:38:28,1.860155,1.8604749999999999
2597,2023-05-09 00:38:29,1.86015,1.8604699999999998
2599,2023-05-09 00:38:30,1.860155,1.8604749999999999
2601,2023-05-09 00:38:32,1.860155,1.8604749999999999
2603,2023-05-09 00:38:36,1.86015,1.8604699999999998
2604,2023-05-09 00:38:37,1.86016,1.86048
2605,2023-05-09 00:38:39,1.86017,1.86049
2606,2023-05-09 00:38:40,1.86015,1.8604699999999998
2607,2023-05-09 00:38:41,1.860115,1.860435
2609,2023-05-09 00:38:43,1.860155,1.8604749999999999
2611,2023-05-09 00:38:47,1.86015,1.8604699999999998
2612,2023-05-09 00:38:52,1.86016,1.86048
2613,2023-05-09 00:38:54,1.86015,1.8604699999999998
2614,2023-05-09 00:38:55,1.8601999999999999,1.86052
2615,2023-05-09 00:38:57,1.86018,1.8605
2616,2023-05-09 00:38:58,1.86017,1.86049
2617,2023-05-09 00:39:00,1.860195,1.860515
2619,2023-05-09 00:39:01,1.86019,1.86051
2620,2023-05-09 00:39:03,1.8601999999999999,1.86052
2621,2023-05-09 00:39:05,1.860185,1.860505
2623,2023-05-09 00:39:06,1.860195,1.860515
2625,2023-05-09 00:39:07,1.86018,1.8605
2626,2023-05-09 00:39:08,1.8601999999999999,1.86052
2627,2023-05-09 00:39:09,1.86022,1.8605399999999999
2628,2023-05-09 00:39:11,1.8601999999999999,1.86052
2629,2023-05-09 00:39:14,1.860165,1.860485
2631,2023-05-09 00:39:15,1.8601999999999999,1.86052
2632,2023-05-09 00:39:16,1.860155,1.8604749999999999
2634,2023-05-09 00:39:18,1.86017,1.86049
2635,2023-05-09 00:39:22,1.86015,1.8604699999999998
2636,2023-05-09 00:39:24,1.86014,1.86046
2637,2023-05-09 00:39:25,1.86008,1.8603999999999998
2639,2023-05-09 00:39:26,1.86006,1.8603800000000001
2640,2023-05-09 00:39:29,1.86003,1.86035
2641,2023-05-09 00:39:30,1.8601299999999998,1.8604500000000002
2642,2023-05-09 00:39:33,1.86014,1.86046
2643,2023-05-09 00:39:37,1.8601299999999998,1.8604500000000002
2644,2023-05-09 00:39:40,1.8601299999999998,1.8604500000000002
2646,2023-05-09 00:39:41,1.8601299999999998,1.8604500000000002
2647,2023-05-09 00:39:42,1.86014,1.86046
2648,2023-05-09 00:39:43,1.860125,1.8604450000000001
2650,2023-05-09 00:39:46,1.86014,1.86046
2651,2023-05-09 00:39:50,1.8601,1.86042
2652,2023-05-09 00:39:51,1.86008,1.8604
2653,2023-05-09 00:39:53,1.86007,1.86039
2654,2023-05-09 00:39:54,1.86008,1.8604
2655,2023-05-09 00:39:55,1.8600750000000001,1.860395
2657,2023-05-09 00:39:56,1.86008,1.8604
2658,2023-05-09 00:39:57,1.860065,1.860385
2660,2023-05-09 00:39:58,1.86005,1.86037
2661,2023-05-09 00:39:59,1.860035,1.860355
2663,2023-05-09 00:40:00,1.860025,1.860345
2665,2023-05-09 00:40:03,1.86009,1.86041
2666,2023-05-09 00:40:04,1.860125,1.8604450000000001
2670,2023-05-09 00:40:05,1.8601299999999998,1.8604500000000002
2671,2023-05-09 00:40:06,1.8601050000000001,1.860425
2673,2023-05-09 00:40:08,1.860075,1.860395
2675,2023-05-09 00:40:09,1.86009,1.86041
2676,2023-05-09 00:40:10,1.8601450000000002,1.860465
2678,2023-05-09 00:40:11,1.8601999999999999,1.86052
2682,2023-05-09 00:40:12,1.860215,1.860535
2684,2023-05-09 00:40:13,1.860185,1.8605049999999999
2686,2023-05-09 00:40:16,1.86015,1.8604699999999998
2688,2023-05-09 00:40:23,1.86015,1.8604699999999998
2689,2023-05-09 00:40:25,1.860155,1.8604749999999999
2691,2023-05-09 00:40:29,1.86016,1.86048
2692,2023-05-09 00:40:31,1.860165,1.860485
2694,2023-05-09 00:40:32,1.860155,1.860475
2696,2023-05-09 00:40:33,1.860175,1.860495
2698,2023-05-09 00:40:35,1.86019,1.86051
2699,2023-05-09 00:40:36,1.860175,1.860495
2703,2023-05-09 00:40:37,1.86016,1.86048
2706,2023-05-09 00:40:38,1.86005,1.86037
2707,2023-05-09 00:40:40,1.8600400000000001,1.86036
2708,2023-05-09 00:40:41,1.86003,1.86035
2709,2023-05-09 00:40:45,1.860045,1.860365
2711,2023-05-09 00:40:50,1.860065,1.860385
2713,2023-05-09 00:40:51,1.86006,1.8603800000000001
2714,2023-05-09 00:40:52,1.86008,1.8604
2715,2023-05-09 00:40:53,1.860065,1.860385
2717,2023-05-09 00:40:54,1.86007,1.86039
2718,2023-05-09 00:40:55,1.86006,1.8603800000000001
2719,2023-05-09 00:40:58,1.86005,1.86037
2720,2023-05-09 00:41:00,1.86014,1.86046
2721,2023-05-09 00:41:01,1.86015,1.8604699999999998
2722,2023-05-09 00:41:06,1.86016,1.86048
2723,2023-05-09 00:41:08,1.86017,1.86049
2724,2023-05-09 00:41:09,1.86014,1.86046
2725,2023-05-09 00:41:11,1.86016,1.86048
2726,2023-05-09 00:41:16,1.86016,1.86048
2728,2023-05-09 00:41:17,1.8601999999999999,1.86052
2729,2023-05-09 00:41:18,1.860195,1.860515
2731,2023-05-09 00:41:19,1.86019,1.86051
2732,2023-05-09 00:41:20,1.8601299999999998,1.8604500000000002
2733,2023-05-09 00:41:21,1.860155,1.8604749999999999
2735,2023-05-09 00:41:22,1.86015,1.8604699999999998
2736,2023-05-09 00:41:26,1.860155,1.8604749999999999
2738,2023-05-09 00:41:27,1.86016,1.86048
2741,2023-05-09 00:41:28,1.86015,1.8604699999999998
2742,2023-05-09 00:41:29,1.860165,1.860485
2744,2023-05-09 00:41:30,1.86017,1.86049
2747,2023-05-09 00:41:31,1.8602699999999999,1.86059
2748,2023-05-09 00:41:32,1.86029,1.8606099999999999
2749,2023-05-09 00:41:34,1.860285,1.860605
2751,2023-05-09 00:41:35,1.860275,1.860595
2753,2023-05-09 00:41:36,1.86028,1.8606
2754,2023-05-09 00:41:37,1.86028,1.8605999999999998
2756,2023-05-09 00:41:40,1.86028,1.8606
2757,2023-05-09 00:41:43,1.86029,1.8606099999999999
2758,2023-05-09 00:41:46,1.8602699999999999,1.86059
2759,2023-05-09 00:41:48,1.8602500000000002,1.86057
2761,2023-05-09 00:41:49,1.8602699999999999,1.8605900000000002
2763,2023-05-09 00:41:50,1.8602699999999999,1.86059
2764,2023-05-09 00:41:52,1.8602599999999998,1.8605800000000001
2766,2023-05-09 00:41:53,1.86028,1.8606
2767,2023-05-09 00:41:54,1.860265,1.860585
2769,2023-05-09 00:41:57,1.8602699999999999,1.86059
2770,2023-05-09 00:41:59,1.86025,1.86057
2771,2023-05-09 00:42:00,1.86025,1.86057
2774,2023-05-09 00:42:01,1.8602699999999999,1.86059
2775,2023-05-09 00:42:02,1.86028,1.8606
2776,2023-05-09 00:42:03,1.860265,1.860585
2778,2023-05-09 00:42:04,1.860215,1.860535
2780,2023-05-09 00:42:05,1.8601999999999999,1.86052
2781,2023-05-09 00:42:06,1.86021,1.86053
2784,2023-05-09 00:42:09,1.86019,1.86051
2787,2023-05-09 00:42:10,1.8601800000000002,1.8605
2789,2023-05-09 00:42:12,1.8601899999999998,1.86051
2791,2023-05-09 00:42:13,1.860175,1.860495
2793,2023-05-09 00:42:14,1.8601100000000002,1.86043
2794,2023-05-09 00:42:16,1.860125,1.8604450000000001
2796,2023-05-09 00:42:17,1.86014,1.86046
2798,2023-05-09 00:42:18,1.860145,1.860465
2800,2023-05-09 00:42:19,1.86016,1.86048
2801,2023-05-09 00:42:21,1.860155,1.8604749999999999
2803,2023-05-09 00:42:22,1.860155,1.8604749999999999
2805,2023-05-09 00:42:25,1.860175,1.860495
2807,2023-05-09 00:42:26,1.86017,1.86049
2808,2023-05-09 00:42:27,1.86015,1.8604699999999998
2809,2023-05-09 00:42:28,1.860115,1.860435
2813,2023-05-09 00:42:29,1.860045,1.860365
2815,2023-05-09 00:42:32,1.86005,1.86037
2816,2023-05-09 00:42:35,1.86006,1.8603800000000001
2817,2023-05-09 00:42:41,1.8600400000000001,1.86036
2819,2023-05-09 00:42:45,1.8600400000000001,1.86036
2820,2023-05-09 00:42:47,1.86005,1.86037
2821,2023-05-09 00:42:51,1.86006,1.8603800000000001
2822,2023-05-09 00:42:53,1.86005,1.86037
2823,2023-05-09 00:42:56,1.86002,1.8603399999999999
2824,2023-05-09 00:43:00,1.86002,1.8603399999999999
2826,2023-05-09 00:43:01,1.8600400000000001,1.86036
2827,2023-05-09 00:43:02,1.8599999999999999,1.86032
2828,2023-05-09 00:43:05,1.85996,1.86028
2829,2023-05-09 00:43:07,1.85999,1.8603100000000001
2830,2023-05-09 00:43:10,1.86001,1.8603299999999998
2832,2023-05-09 00:43:11,1.86003,1.86035
2833,2023-05-09 00:43:15,1.86002,1.8603399999999999
2834,2023-05-09 00:43:20,1.86003,1.86035
2835,2023-05-09 00:43:22,1.859985,1.8603049999999999
2837,2023-05-09 00:43:23,1.8599999999999999,1.86032
2838,2023-05-09 00:43:25,1.85995,1.8602699999999999
2839,2023-05-09 00:43:27,1.85996,1.86028
2840,2023-05-09 00:43:28,1.86003,1.86035
2841,2023-05-09 00:43:29,1.8599999999999999,1.86032
2844,2023-05-09 00:43:30,1.86001,1.86033
2845,2023-05-09 00:43:31,1.85999,1.8603100000000001
2846,2023-05-09 00:43:34,1.85998,1.8603
2847,2023-05-09 00:43:37,1.8599999999999999,1.86032
2848,2023-05-09 00:43:38,1.86001,1.86033
2849,2023-05-09 00:43:44,1.86003,1.86035
2850,2023-05-09 00:43:46,1.86002,1.8603399999999999
2851,2023-05-09 00:43:47,1.86003,1.86035
2852,2023-05-09 00:43:49,1.86003,1.86035
2854,2023-05-09 00:43:50,1.86003,1.86035
2855,2023-05-09 00:43:58,1.8599999999999999,1.86032
2858,2023-05-09 00:44:02,1.86001,1.86033
2859,2023-05-09 00:44:03,1.86003,1.86035
2861,2023-05-09 00:44:04,1.86003,1.86035
2862,2023-05-09 00:44:05,1.86006,1.8603800000000001
2863,2023-05-09 00:44:09,1.85996,1.86028
2866,2023-05-09 00:44:14,1.8599299999999999,1.86025
2867,2023-05-09 00:44:15,1.85992,1.8602400000000001
2868,2023-05-09 00:44:16,1.85989,1.86021
2869,2023-05-09 00:44:18,1.8599,1.86022
2870,2023-05-09 00:44:24,1.85988,1.8601999999999999
2873,2023-05-09 00:44:25,1.8598949999999999,1.8602150000000002
2875,2023-05-09 00:44:28,1.85991,1.86023
2876,2023-05-09 00:44:31,1.85989,1.86021
2879,2023-05-09 00:44:32,1.85988,1.8601999999999999
2880,2023-05-09 00:44:34,1.85987,1.86019
2881,2023-05-09 00:44:36,1.85988,1.8601999999999999
2882,2023-05-09 00:44:37,1.85989,1.86021
2883,2023-05-09 00:44:39,1.8599,1.86022
2884,2023-05-09 00:44:40,1.85991,1.86023
2885,2023-05-09 00:44:41,1.85988,1.8601999999999999
2887,2023-05-09 00:44:44,1.8598599999999998,1.86018
2888,2023-05-09 00:44:46,1.859945,1.860265
2890,2023-05-09 00:44:47,1.85996,1.86028
2891,2023-05-09 00:44:49,1.859945,1.860265
2893,2023-05-09 00:44:51,1.85992,1.8602400000000001
2894,2023-05-09 00:44:52,1.85994,1.86026
2895,2023-05-09 00:44:53,1.859925,1.860245
2897,2023-05-09 00:44:56,1.85992,1.8602400000000001
2898,2023-05-09 00:44:58,1.85994,1.8602599999999998
2900,2023-05-09 00:44:59,1.85994,1.86026
2901,2023-05-09 00:45:00,1.859945,1.860265
2903,2023-05-09 00:45:02,1.85998,1.8603
2904,2023-05-09 00:45:03,1.85999,1.8603100000000001
2905,2023-05-09 00:45:06,1.85998,1.8603
2906,2023-05-09 00:45:08,1.85996,1.86028
2907,2023-05-09 00:45:11,1.85999,1.8603100000000001
2910,2023-05-09 00:45:18,1.8599999999999999,1.8603200000000002
2912,2023-05-09 00:45:20,1.8599999999999999,1.86032
2913,2023-05-09 00:45:22,1.86001,1.86033
2914,2023-05-09 00:45:26,1.86008,1.8604
2917,2023-05-09 00:45:29,1.8601100000000002,1.86043
2920,2023-05-09 00:45:30,1.86016,1.86048
2923,2023-05-09 00:45:31,1.86014,1.86046
2926,2023-05-09 00:45:33,1.86016,1.86048
2927,2023-05-09 00:45:34,1.86014,1.86046
2929,2023-05-09 00:45:37,1.86012,1.86044
2930,2023-05-09 00:45:41,1.86015,1.8604699999999998
2932,2023-05-09 00:45:44,1.86018,1.8605
2933,2023-05-09 00:45:45,1.86014,1.86046
2934,2023-05-09 00:45:46,1.86012,1.86044
2935,2023-05-09 00:45:48,1.8601100000000002,1.86043
2936,2023-05-09 00:45:49,1.86007,1.86039
2937,2023-05-09 00:45:51,1.86008,1.8604
2938,2023-05-09 00:45:54,1.86007,1.86039
2939,2023-05-09 00:45:55,1.86012,1.86044
2942,2023-05-09 00:45:56,1.8601299999999998,1.8604500000000002
2943,2023-05-09 00:45:58,1.86014,1.86046
2944,2023-05-09 00:46:00,1.860125,1.8604450000000001
2946,2023-05-09 00:46:02,1.8601100000000002,1.86043
2947,2023-05-09 00:46:03,1.86012,1.86044
2948,2023-05-09 00:46:08,1.86006,1.86038
2950,2023-05-09 00:46:09,1.860005,1.860325
2952,2023-05-09 00:46:11,1.860005,1.860325
2954,2023-05-09 00:46:12,1.85995,1.8602699999999999
2956,2023-05-09 00:46:13,1.85994,1.86026
2957,2023-05-09 00:46:14,1.859965,1.860285
2959,2023-05-09 00:46:20,1.85999,1.8603100000000001
2960,2023-05-09 00:46:23,1.85996,1.86028
2962,2023-05-09 00:46:24,1.85999,1.8603100000000001
2963,2023-05-09 00:46:30,1.8599999999999999,1.86032
2964,2023-05-09 00:46:35,1.85999,1.8603100000000001
2965,2023-05-09 00:46:36,1.8599999999999999,1.86032
2966,2023-05-09 00:46:37,1.86001,1.86033
2967,2023-05-09 00:46:38,1.85999,1.8603100000000001
2968,2023-05-09 00:46:39,1.8599999999999999,1.86032
2971,2023-05-09 00:46:40,1.86001,1.86033
2972,2023-05-09 00:46:44,1.86002,1.8603399999999999
2973,2023-05-09 00:46:46,1.8599999999999999,1.86032
2974,2023-05-09 00:46:48,1.86001,1.86033
2975,2023-05-09 00:46:49,1.86002,1.8603399999999999
2976,2023-05-09 00:46:52,1.85999,1.8603100000000001
2977,2023-05-09 00:46:54,1.8599899999999998,1.8603100000000001
2979,2023-05-09 00:46:55,1.860125,1.860445
2981,2023-05-09 00:46:56,1.860085,1.860405
2983,2023-05-09 00:46:57,1.86009,1.86041
2984,2023-05-09 00:47:00,1.86009,1.86041
2985,2023-05-09 00:47:01,1.86008,1.8604
2986,2023-05-09 00:47:03,1.860065,1.860385
2988,2023-05-09 00:47:05,1.86008,1.8604
2989,2023-05-09 00:47:06,1.8601299999999998,1.8604500000000002
2992,2023-05-09 00:47:09,1.8601050000000001,1.860425
2994,2023-05-09 00:47:10,1.860095,1.860415
2996,2023-05-09 00:47:11,1.8601299999999998,1.8604500000000002
2997,2023-05-09 00:47:13,1.86006,1.8603800000000001
2998,2023-05-09 00:47:14,1.8601,1.86042
2999,2023-05-09 00:47:16,1.8601100000000002,1.86043
3000,2023-05-09 00:47:17,1.8601,1.86042
3001,2023-05-09 00:47:19,1.86007,1.86039
3002,2023-05-09 00:47:22,1.86006,1.8603800000000001
3003,2023-05-09 00:47:23,1.86007,1.86039
3004,2023-05-09 00:47:30,1.8601999999999999,1.86052
3006,2023-05-09 00:47:31,1.86021,1.86053
3009,2023-05-09 00:47:34,1.8601999999999999,1.86052
3010,2023-05-09 00:47:36,1.8602049999999999,1.860525
3012,2023-05-09 00:47:38,1.86021,1.86053
3015,2023-05-09 00:47:40,1.8602699999999999,1.86059
3016,2023-05-09 00:47:42,1.86026,1.8605800000000001
3017,2023-05-09 00:47:47,1.86025,1.86057
3018,2023-05-09 00:47:51,1.86026,1.8605800000000001
3019,2023-05-09 00:47:56,1.86028,1.8606
3020,2023-05-09 00:47:59,1.8602699999999999,1.86059
3021,2023-05-09 00:48:00,1.8602699999999999,1.86059
3022,2023-05-09 00:48:02,1.86023,1.86055
3023,2023-05-09 00:48:10,1.8602400000000001,1.86056
3024,2023-05-09 00:48:11,1.86025,1.86057
3027,2023-05-09 00:48:12,1.8602699999999999,1.86059
3028,2023-05-09 00:48:13,1.860265,1.860585
3032,2023-05-09 00:48:14,1.860265,1.860585
3034,2023-05-09 00:48:16,1.8602699999999999,1.86059
3035,2023-05-09 00:48:17,1.8603100000000001,1.86063
3036,2023-05-09 00:48:19,1.860305,1.860625
3038,2023-05-09 00:48:20,1.860315,1.860635
3040,2023-05-09 00:48:21,1.8603,1.86062
3041,2023-05-09 00:48:22,1.86029,1.8606099999999999
3044,2023-05-09 00:48:23,1.8602699999999999,1.8605900000000002
3046,2023-05-09 00:48:25,1.8602699999999999,1.86059
3047,2023-05-09 00:48:26,1.86029,1.8606099999999999
3048,2023-05-09 00:48:27,1.860295,1.8606150000000001
3050,2023-05-09 00:48:28,1.860325,1.860645
3052,2023-05-09 00:48:29,1.86032,1.86064
3056,2023-05-09 00:48:30,1.8603399999999999,1.86066
3057,2023-05-09 00:48:31,1.86028,1.8606
3058,2023-05-09 00:48:32,1.86032,1.86064
3060,2023-05-09 00:48:33,1.86035,1.8606699999999998
3062,2023-05-09 00:48:36,1.86035,1.86067
3063,2023-05-09 00:48:37,1.860335,1.860655
3065,2023-05-09 00:48:39,1.8603399999999999,1.86066
3066,2023-05-09 00:48:40,1.860345,1.860665
3068,2023-05-09 00:48:41,1.860375,1.860695
3070,2023-05-09 00:48:42,1.8603800000000001,1.8607
3071,2023-05-09 00:48:44,1.86037,1.86069
3072,2023-05-09 00:48:45,1.86035,1.86067
3073,2023-05-09 00:48:46,1.86033,1.8606500000000001
3074,2023-05-09 00:48:47,1.8603100000000001,1.86063
3076,2023-05-09 00:48:50,1.860305,1.860625
3078,2023-05-09 00:48:52,1.8603100000000001,1.86063
3079,2023-05-09 00:48:57,1.8603399999999999,1.86066
3080,2023-05-09 00:48:59,1.86033,1.8606500000000001
3081,2023-05-09 00:49:00,1.86032,1.86064
3084,2023-05-09 00:49:01,1.86043,1.86075
3085,2023-05-09 00:49:02,1.8604,1.8607200000000002
3088,2023-05-09 00:49:03,1.860425,1.8607449999999999
3090,2023-05-09 00:49:04,1.86044,1.86076
3091,2023-05-09 00:49:05,1.86041,1.86073
3092,2023-05-09 00:49:06,1.86043,1.86075
3093,2023-05-09 00:49:07,1.86046,1.86078
3094,2023-05-09 00:49:08,1.8604699999999998,1.8607900000000002
3095,2023-05-09 00:49:09,1.86046,1.86078
3096,2023-05-09 00:49:10,1.86044,1.86076
3097,2023-05-09 00:49:11,1.86043,1.86075
3098,2023-05-09 00:49:12,1.86044,1.86076
3099,2023-05-09 00:49:15,1.8604500000000002,1.86077
3100,2023-05-09 00:49:16,1.86044,1.86076
3101,2023-05-09 00:49:17,1.86048,1.8608
3104,2023-05-09 00:49:18,1.8604699999999998,1.8607900000000002
3107,2023-05-09 00:49:19,1.860465,1.8607850000000001
3109,2023-05-09 00:49:20,1.860465,1.8607850000000001
3111,2023-05-09 00:49:21,1.86046,1.86078
3112,2023-05-09 00:49:22,1.860465,1.8607850000000001
3114,2023-05-09 00:49:24,1.8604749999999999,1.860795
3116,2023-05-09 00:49:27,1.8604699999999998,1.8607900000000002
3117,2023-05-09 00:49:28,1.8604500000000002,1.86077
3120,2023-05-09 00:49:30,1.86043,1.86075
3121,2023-05-09 00:49:34,1.86046,1.86078
3124,2023-05-09 00:49:35,1.8604500000000002,1.86077
3126,2023-05-09 00:49:36,1.8604500000000002,1.86077
3127,2023-05-09 00:49:37,1.86043,1.86075
3128,2023-05-09 00:49:42,1.86039,1.86071
3129,2023-05-09 00:49:46,1.86035,1.86067
3130,2023-05-09 00:49:47,1.8601999999999999,1.86052
3133,2023-05-09 00:49:48,1.860185,1.860505
3135,2023-05-09 00:49:49,1.8601999999999999,1.86052
3136,2023-05-09 00:49:50,1.86018,1.8605
3139,2023-05-09 00:49:51,1.86019,1.86051
3142,2023-05-09 00:49:52,1.860195,1.860515
3144,2023-05-09 00:49:53,1.8602049999999999,1.860525
3146,2023-05-09 00:49:54,1.8603,1.86062
3147,2023-05-09 00:49:55,1.86028,1.8606
3148,2023-05-09 00:49:56,1.8602699999999999,1.86059
3149,2023-05-09 00:49:59,1.860295,1.860615
3151,2023-05-09 00:50:00,1.8603,1.86062
3152,2023-05-09 00:50:02,1.8603100000000001,1.86063
3153,2023-05-09 00:50:03,1.8603,1.86062
3154,2023-05-09 00:50:05,1.860275,1.860595
3156,2023-05-09 00:50:06,1.86028,1.8606
3159,2023-05-09 00:50:07,1.860285,1.860605
3161,2023-05-09 00:50:11,1.86029,1.8606099999999999
3162,2023-05-09 00:50:14,1.86028,1.8606
3163,2023-05-09 00:50:15,1.8602699999999999,1.86059
3166,2023-05-09 00:50:17,1.8602400000000001,1.86056
3167,2023-05-09 00:50:18,1.8602699999999999,1.86059
3168,2023-05-09 00:50:19,1.86026,1.8605800000000001
3169,2023-05-09 00:50:20,1.8602699999999999,1.86059
3170,2023-05-09 00:50:21,1.86029,1.8606099999999999
3171,2023-05-09 00:50:23,1.860255,1.860575
3173,2023-05-09 00:50:24,1.86023,1.86055
3174,2023-05-09 00:50:27,1.8602400000000001,1.86056
3175,2023-05-09 00:50:28,1.86022,1.8605399999999999
3176,2023-05-09 00:50:29,1.8602400000000001,1.86056
3177,2023-05-09 00:50:32,1.860245,1.860565
3179,2023-05-09 00:50:33,1.86017,1.86049
3180,2023-05-09 00:50:35,1.86026,1.8605800000000001
3183,2023-05-09 00:50:36,1.86026,1.8605800000000001
3186,2023-05-09 00:50:39,1.8602599999999998,1.8605800000000001
3188,2023-05-09 00:50:41,1.860265,1.860585
3190,2023-05-09 00:50:45,1.86026,1.8605800000000001
3191,2023-05-09 00:50:48,1.8602699999999999,1.86059
3192,2023-05-09 00:50:52,1.86023,1.86055
3194,2023-05-09 00:50:53,1.86032,1.86064
3197,2023-05-09 00:50:54,1.86043,1.86075
3198,2023-05-09 00:50:59,1.86041,1.86073
3199,2023-05-09 00:51:00,1.860405,1.860725
3201,2023-05-09 00:51:01,1.860425,1.860745
3203,2023-05-09 00:51:02,1.86041,1.86073
3204,2023-05-09 00:51:04,1.86039,1.86071
3205,2023-05-09 00:51:05,1.86039,1.86071
3208,2023-05-09 00:51:06,1.860395,1.8607150000000001
3210,2023-05-09 00:51:07,1.860385,1.860705
3212,2023-05-09 00:51:08,1.8603100000000001,1.86063
3215,2023-05-09 00:51:11,1.8603,1.86062
3216,2023-05-09 00:51:12,1.8603100000000001,1.86063
3217,2023-05-09 00:51:13,1.86032,1.86064
3218,2023-05-09 00:51:14,1.86033,1.8606500000000001
3219,2023-05-09 00:51:15,1.8603399999999999,1.86066
3220,2023-05-09 00:51:17,1.86035,1.86067
3221,2023-05-09 00:51:19,1.86036,1.86068
3222,2023-05-09 00:51:21,1.860355,1.860675
3226,2023-05-09 00:51:23,1.8603399999999999,1.86066
3227,2023-05-09 00:51:26,1.86033,1.8606500000000001
3228,2023-05-09 00:51:28,1.86033,1.8606500000000001
3231,2023-05-09 00:51:30,1.86035,1.86067
3234,2023-05-09 00:51:31,1.86036,1.86068
3235,2023-05-09 00:51:32,1.86035,1.86067
3236,2023-05-09 00:51:33,1.86037,1.86069
3237,2023-05-09 00:51:35,1.86036,1.86068
3238,2023-05-09 00:51:36,1.86037,1.86069
3239,2023-05-09 00:51:37,1.86033,1.8606500000000001
3240,2023-05-09 00:51:38,1.860365,1.860685
3242,2023-05-09 00:51:40,1.86036,1.86068
3244,2023-05-09 00:51:41,1.8602949999999998,1.8606150000000001
3246,2023-05-09 00:51:43,1.86036,1.86068
3248,2023-05-09 00:51:47,1.860395,1.8607150000000001
3250,2023-05-09 00:51:48,1.8604,1.8607200000000002
3251,2023-05-09 00:51:50,1.86039,1.86071
3252,2023-05-09 00:51:51,1.860385,1.860705
3254,2023-05-09 00:51:52,1.860355,1.860675
3256,2023-05-09 00:51:57,1.860365,1.860685
3258,2023-05-09 00:51:59,1.86039,1.86071
3259,2023-05-09 00:52:00,1.8603800000000001,1.8607
3261,2023-05-09 00:52:01,1.860365,1.860685
3263,2023-05-09 00:52:02,1.8603399999999999,1.86066
3264,2023-05-09 00:52:05,1.86036,1.86068
3265,2023-05-09 00:52:06,1.860355,1.860675
3267,2023-05-09 00:52:08,1.8603800000000001,1.8607
3268,2023-05-09 00:52:10,1.86037,1.86069
3272,2023-05-09 00:52:12,1.86037,1.86069
3273,2023-05-09 00:52:13,1.8603800000000001,1.8607
3274,2023-05-09 00:52:15,1.86039,1.86071
3275,2023-05-09 00:52:18,1.8603800000000001,1.8607
3276,2023-05-09 00:52:19,1.86037,1.86069
3277,2023-05-09 00:52:20,1.8604699999999998,1.8607900000000002
3278,2023-05-09 00:52:22,1.8604500000000002,1.86077
3280,2023-05-09 00:52:23,1.86046,1.86078
3281,2023-05-09 00:52:24,1.86042,1.8607399999999998
3282,2023-05-09 00:52:25,1.86041,1.86073
3283,2023-05-09 00:52:26,1.86044,1.86076
3284,2023-05-09 00:52:27,1.86044,1.86076
3287,2023-05-09 00:52:28,1.860465,1.8607850000000001
3289,2023-05-09 00:52:31,1.86046,1.86078
3290,2023-05-09 00:52:32,1.8604450000000001,1.860765
3292,2023-05-09 00:52:33,1.8604500000000002,1.86077
3293,2023-05-09 00:52:34,1.86044,1.86076
3294,2023-05-09 00:52:35,1.86043,1.86075
3295,2023-05-09 00:52:36,1.86042,1.8607399999999998
3296,2023-05-09 00:52:37,1.86043,1.86075
3297,2023-05-09 00:52:41,1.86042,1.8607399999999998
3298,2023-05-09 00:52:42,1.860405,1.860725
3302,2023-05-09 00:52:43,1.86041,1.86073
3303,2023-05-09 00:52:44,1.86041,1.86073
3305,2023-05-09 00:52:46,1.860425,1.8607449999999999
3307,2023-05-09 00:52:47,1.86042,1.8607399999999998
3308,2023-05-09 00:52:51,1.860435,1.860755
3310,2023-05-09 00:52:53,1.860435,1.860755
3312,2023-05-09 00:52:54,1.86042,1.8607399999999998
3314,2023-05-09 00:53:00,1.8604150000000002,1.860735
3316,2023-05-09 00:53:01,1.860425,1.8607449999999999
3318,2023-05-09 00:53:03,1.86044,1.86076
3319,2023-05-09 00:53:06,1.860435,1.860755
3321,2023-05-09 00:53:07,1.86044,1.86076
3324,2023-05-09 00:53:08,1.8604500000000002,1.86077
3325,2023-05-09 00:53:09,1.86046,1.86078
3326,2023-05-09 00:53:12,1.86041,1.86073
3327,2023-05-09 00:53:13,1.860405,1.860725
3329,2023-05-09 00:53:14,1.860395,1.8607150000000001
3333,2023-05-09 00:53:15,1.86039,1.86071
3334,2023-05-09 00:53:17,1.8603800000000001,1.8607
3335,2023-05-09 00:53:18,1.860385,1.860705
3339,2023-05-09 00:53:19,1.8603800000000001,1.8607
3340,2023-05-09 00:53:21,1.86037,1.86069
3341,2023-05-09 00:53:22,1.86039,1.86071
3342,2023-05-09 00:53:23,1.8604,1.8607200000000002
3345,2023-05-09 00:53:25,1.860405,1.860725
3347,2023-05-09 00:53:29,1.86042,1.8607399999999998
3348,2023-05-09 00:53:30,1.8604,1.8607200000000002
3349,2023-05-09 00:53:31,1.860405,1.860725
3351,2023-05-09 00:53:32,1.8604,1.8607200000000002
3354,2023-05-09 00:53:34,1.8603800000000001,1.8607
3355,2023-05-09 00:53:35,1.8604,1.8607200000000002
3356,2023-05-09 00:53:41,1.860385,1.860705
3358,2023-05-09 00:53:42,1.86039,1.86071
3359,2023-05-09 00:53:43,1.8603800000000001,1.8607
3360,2023-05-09 00:53:45,1.86036,1.86068
3361,2023-05-09 00:53:48,1.860395,1.8607150000000001
3363,2023-05-09 00:53:50,1.8603750000000001,1.860695
3365,2023-05-09 00:53:52,1.86035,1.86067
3366,2023-05-09 00:53:58,1.8603399999999999,1.86066
3367,2023-05-09 00:53:59,1.86037,1.86069
3368,2023-05-09 00:54:00,1.8603200000000002,1.86064
3370,2023-05-09 00:54:01,1.860335,1.860655
3374,2023-05-09 00:54:02,1.860325,1.860645
3376,2023-05-09 00:54:03,1.86033,1.8606500000000001
3377,2023-05-09 00:54:04,1.86033,1.8606500000000001
3380,2023-05-09 00:54:05,1.8603,1.86062
3381,2023-05-09 00:54:06,1.860285,1.860605
3383,2023-05-09 00:54:08,1.86028,1.8606
3384,2023-05-09 00:54:11,1.86029,1.8606099999999999
3385,2023-05-09 00:54:16,1.8603100000000001,1.86063
3386,2023-05-09 00:54:18,1.86032,1.86064
3387,2023-05-09 00:54:19,1.86033,1.8606500000000001
3388,2023-05-09 00:54:20,1.8603399999999999,1.86066
3389,2023-05-09 00:54:23,1.86033,1.8606500000000001
3390,2023-05-09 00:54:26,1.8603100000000001,1.86063
3391,2023-05-09 00:54:27,1.86032,1.86064
3392,2023-05-09 00:54:28,1.86033,1.8606500000000001
3393,2023-05-09 00:54:29,1.860365,1.860685
3395,2023-05-09 00:54:30,1.86035,1.86067
3396,2023-05-09 00:54:32,1.8603299999999998,1.8606500000000001
3398,2023-05-09 00:54:33,1.8603,1.86062
3399,2023-05-09 00:54:34,1.8602400000000001,1.86056
3401,2023-05-09 00:54:35,1.860245,1.860565
3403,2023-05-09 00:54:36,1.860195,1.860515
3407,2023-05-09 00:54:37,1.860145,1.860465
3409,2023-05-09 00:54:40,1.860125,1.8604450000000001
3411,2023-05-09 00:54:41,1.86015,1.8604699999999998
3412,2023-05-09 00:54:42,1.86017,1.86049
3413,2023-05-09 00:54:43,1.860125,1.860445
3415,2023-05-09 00:54:44,1.86016,1.86048
3418,2023-05-09 00:54:45,1.86015,1.8604699999999998
3421,2023-05-09 00:54:47,1.86008,1.8604
3424,2023-05-09 00:54:48,1.8601100000000002,1.86043
3427,2023-05-09 00:54:49,1.86009,1.86041
3430,2023-05-09 00:54:50,1.86009,1.86041
3431,2023-05-09 00:54:51,1.860085,1.860405
3433,2023-05-09 00:54:52,1.860095,1.860415
3437,2023-05-09 00:54:53,1.86,1.86032
3439,2023-05-09 00:54:54,1.86002,1.8603399999999999
3443,2023-05-09 00:54:55,1.8599350000000001,1.860255
3445,2023-05-09 00:54:56,1.859935,1.860255
3447,2023-05-09 00:54:57,1.85982,1.86014
3451,2023-05-09 00:54:58,1.85981,1.8601299999999998
3453,2023-05-09 00:54:59,1.85988,1.8601999999999999
3456,2023-05-09 00:55:00,1.85996,1.86028
3458,2023-05-09 00:55:01,1.859925,1.860245
3460,2023-05-09 00:55:02,1.86009,1.86041
3463,2023-05-09 00:55:03,1.86008,1.8603999999999998
3467,2023-05-09 00:55:04,1.86008,1.8604
3468,2023-05-09 00:55:05,1.86002,1.8603399999999999
3471,2023-05-09 00:55:07,1.860025,1.860345
3473,2023-05-09 00:55:08,1.8599999999999999,1.86032
3474,2023-05-09 00:55:09,1.8599999999999999,1.86032
3477,2023-05-09 00:55:10,1.860015,1.860335
3479,2023-05-09 00:55:11,1.86007,1.86039
3480,2023-05-09 00:55:12,1.86005,1.86037
3483,2023-05-09 00:55:13,1.860055,1.8603750000000001
3485,2023-05-09 00:55:14,1.86005,1.86037
3488,2023-05-09 00:55:15,1.86006,1.8603800000000001
3491,2023-05-09 00:55:16,1.8600400000000001,1.86036
3494,2023-05-09 00:55:18,1.86001,1.86033
3495,2023-05-09 00:55:19,1.860015,1.860335
3497,2023-05-09 00:55:20,1.85999,1.8603100000000001
3498,2023-05-09 00:55:21,1.860015,1.860335
3500,2023-05-09 00:55:22,1.86002,1.8603399999999999
3503,2023-05-09 00:55:23,1.860025,1.860345
3505,2023-05-09 00:55:24,1.86002,1.8603399999999999
3509,2023-05-09 00:55:25,1.86001,1.86033
3512,2023-05-09 00:55:26,1.860005,1.860325
3514,2023-05-09 00:55:27,1.86001,1.86033
3517,2023-05-09 00:55:28,1.86002,1.8603399999999999
3519,2023-05-09 00:55:29,1.86002,1.8603399999999999
3521,2023-05-09 00:55:30,1.860015,1.860335
3523,2023-05-09 00:55:31,1.8601,1.86042
3526,2023-05-09 00:55:33,1.8601349999999999,1.860455
3528,2023-05-09 00:55:34,1.860125,1.8604450000000001
3530,2023-05-09 00:55:35,1.86012,1.86044
3533,2023-05-09 00:55:36,1.8601100000000002,1.86043
3534,2023-05-09 00:55:38,1.8601299999999998,1.8604500000000002
3535,2023-05-09 00:55:39,1.86019,1.86051
3536,2023-05-09 00:55:40,1.86021,1.86053
3537,2023-05-09 00:55:41,1.8603,1.86062
3538,2023-05-09 00:55:42,1.86035,1.86067
3540,2023-05-09 00:55:44,1.86037,1.86069
3541,2023-05-09 00:55:47,1.860365,1.860685
3543,2023-05-09 00:55:48,1.86036,1.86068
3544,2023-05-09 00:55:49,1.86037,1.86069
3545,2023-05-09 00:55:51,1.86039,1.86071
3548,2023-05-09 00:55:52,1.860385,1.860705
3550,2023-05-09 00:55:54,1.86042,1.8607399999999998
3551,2023-05-09 00:55:55,1.86041,1.86073
3552,2023-05-09 00:55:56,1.86042,1.8607399999999998
3555,2023-05-09 00:55:57,1.86041,1.86073
3556,2023-05-09 00:55:58,1.8604,1.8607200000000002
3557,2023-05-09 00:56:00,1.8603450000000001,1.860665
3561,2023-05-09 00:56:01,1.860205,1.860525
3565,2023-05-09 00:56:03,1.86018,1.8605
3566,2023-05-09 00:56:04,1.860265,1.860585
3568,2023-05-09 00:56:05,1.860265,1.860585
3570,2023-05-09 00:56:06,1.860255,1.8605749999999999
3572,2023-05-09 00:56:07,1.86028,1.8606
3573,2023-05-09 00:56:08,1.8602699999999999,1.86059
3574,2023-05-09 00:56:10,1.86028,1.8606
3575,2023-05-09 00:56:11,1.860325,1.860645
3577,2023-05-09 00:56:12,1.8603049999999999,1.860625
3581,2023-05-09 00:56:13,1.8602949999999998,1.8606150000000001
3583,2023-05-09 00:56:15,1.860305,1.860625
3585,2023-05-09 00:56:16,1.860385,1.860705
3589,2023-05-09 00:56:17,1.860365,1.860685
3591,2023-05-09 00:56:18,1.860445,1.860765
3595,2023-05-09 00:56:19,1.86053,1.8608500000000001
3596,2023-05-09 00:56:20,1.86056,1.8608799999999999
3597,2023-05-09 00:56:23,1.860555,1.860875
3599,2023-05-09 00:56:24,1.860525,1.860845
3601,2023-05-09 00:56:25,1.86055,1.86087
3602,2023-05-09 00:56:26,1.8604699999999998,1.8607900000000002
3603,2023-05-09 00:56:27,1.8604699999999998,1.8607900000000002
3605,2023-05-09 00:56:28,1.86044,1.86076
3608,2023-05-09 00:56:30,1.86043,1.86075
3609,2023-05-09 00:56:31,1.86042,1.8607399999999998
3610,2023-05-09 00:56:32,1.86044,1.86076
3612,2023-05-09 00:56:33,1.86042,1.8607399999999998
3615,2023-05-09 00:56:34,1.860395,1.8607150000000001
3617,2023-05-09 00:56:35,1.86037,1.86069
3618,2023-05-09 00:56:37,1.860365,1.860685
3620,2023-05-09 00:56:38,1.860365,1.8606850000000001
3622,2023-05-09 00:56:39,1.860365,1.8606850000000001
3624,2023-05-09 00:56:40,1.860365,1.860685
3628,2023-05-09 00:56:41,1.860365,1.860685
3630,2023-05-09 00:56:43,1.86039,1.86071
3633,2023-05-09 00:56:44,1.86042,1.8607399999999998
3634,2023-05-09 00:56:45,1.860415,1.860735
3636,2023-05-09 00:56:46,1.86041,1.86073
3637,2023-05-09 00:56:47,1.86049,1.8608099999999999
3640,2023-05-09 00:56:48,1.860495,1.8608149999999999
3642,2023-05-09 00:56:49,1.86051,1.86083
3643,2023-05-09 00:56:50,1.86048,1.8608
3644,2023-05-09 00:56:51,1.86049,1.86081
3646,2023-05-09 00:56:53,1.86049,1.8608099999999999
3647,2023-05-09 00:56:54,1.86048,1.8608
3648,2023-05-09 00:56:55,1.860485,1.860805
3650,2023-05-09 00:56:56,1.860505,1.860825
3652,2023-05-09 00:56:57,1.86049,1.8608099999999999
3653,2023-05-09 00:56:58,1.8605,1.86082
3654,2023-05-09 00:57:00,1.8605,1.86082
3657,2023-05-09 00:57:02,1.86049,1.8608099999999999
3658,2023-05-09 00:57:03,1.8605,1.86082
3661,2023-05-09 00:57:06,1.8605,1.86082
3664,2023-05-09 00:57:09,1.8605,1.86082
3665,2023-05-09 00:57:10,1.860495,1.8608149999999999
3667,2023-05-09 00:57:11,1.860525,1.860845
3669,2023-05-09 00:57:12,1.860525,1.860845
3671,2023-05-09 00:57:13,1.86052,1.86084
3672,2023-05-09 00:57:14,1.86053,1.8608500000000001
3673,2023-05-09 00:57:17,1.86051,1.86083
3674,2023-05-09 00:57:18,1.860525,1.860845
3676,2023-05-09 00:57:19,1.860535,1.860855
3678,2023-05-09 00:57:20,1.8605399999999999,1.86086
3679,2023-05-09 00:57:23,1.86055,1.86087
3680,2023-05-09 00:57:25,1.8605399999999999,1.86086
3683,2023-05-09 00:57:27,1.86052,1.86084
3684,2023-05-09 00:57:28,1.86051,1.86083
3686,2023-05-09 00:57:29,1.860515,1.860835
3688,2023-05-09 00:57:30,1.86051,1.86083
3689,2023-05-09 00:57:31,1.8605,1.86082
3690,2023-05-09 00:57:32,1.860515,1.860835
3692,2023-05-09 00:57:34,1.86052,1.86084
3693,2023-05-09 00:57:35,1.860585,1.860905
3695,2023-05-09 00:57:37,1.860595,1.860915
3697,2023-05-09 00:57:39,1.8606099999999999,1.86093
3698,2023-05-09 00:57:40,1.86062,1.86094
3699,2023-05-09 00:57:41,1.86063,1.8609499999999999
3702,2023-05-09 00:57:43,1.860625,1.860945
3704,2023-05-09 00:57:45,1.8606500000000001,1.86097
3705,2023-05-09 00:57:47,1.860675,1.860995
3707,2023-05-09 00:57:48,1.86069,1.86101
3708,2023-05-09 00:57:49,1.8607,1.86102
3709,2023-05-09 00:57:50,1.860685,1.861005
3711,2023-05-09 00:57:51,1.860675,1.860995
3713,2023-05-09 00:57:53,1.86067,1.8609900000000001
3714,2023-05-09 00:57:54,1.860665,1.8609850000000001
3716,2023-05-09 00:57:55,1.86066,1.86098
3717,2023-05-09 00:57:56,1.86067,1.8609900000000001
3718,2023-05-09 00:57:58,1.86066,1.86098
3719,2023-05-09 00:57:59,1.8606500000000001,1.86097
3720,2023-05-09 00:58:00,1.86066,1.86098
3721,2023-05-09 00:58:02,1.86067,1.8609900000000001
3722,2023-05-09 00:58:10,1.8606500000000001,1.86097
3725,2023-05-09 00:58:11,1.86068,1.861
3728,2023-05-09 00:58:13,1.8607,1.86102
3729,2023-05-09 00:58:14,1.8607200000000002,1.86104
3730,2023-05-09 00:58:18,1.8607399999999998,1.8610600000000002
3731,2023-05-09 00:58:21,1.86075,1.86107
3732,2023-05-09 00:58:22,1.8607399999999998,1.8610600000000002
3733,2023-05-09 00:58:23,1.86073,1.86105
3734,2023-05-09 00:58:25,1.860735,1.8610550000000001
3738,2023-05-09 00:58:26,1.8607399999999998,1.8610600000000002
3742,2023-05-09 00:58:27,1.860735,1.8610550000000001
3744,2023-05-09 00:58:28,1.8607399999999998,1.8610600000000002
3747,2023-05-09 00:58:29,1.860755,1.861075
3749,2023-05-09 00:58:30,1.860755,1.861075
3753,2023-05-09 00:58:31,1.8607399999999998,1.8610600000000002
3754,2023-05-09 00:58:32,1.8607399999999998,1.8610600000000002
3758,2023-05-09 00:58:33,1.860755,1.861075
