,time,bid,ask
0,2023-05-09 00:00:00,1.68638,1.68678
1,2023-05-09 00:00:01,1.68643,1.68683
8,2023-05-09 00:00:02,1.68642,1.68682
10,2023-05-09 00:00:03,1.6863899999999998,1.68679
11,2023-05-09 00:00:06,1.68641,1.68681
12,2023-05-09 00:00:08,1.68638,1.68678
13,2023-05-09 00:00:09,1.68635,1.68675
16,2023-05-09 00:00:10,1.686335,1.6867349999999999
18,2023-05-09 00:00:11,1.686355,1.686755
20,2023-05-09 00:00:12,1.686275,1.6866750000000001
22,2023-05-09 00:00:15,1.68627,1.68667
23,2023-05-09 00:00:16,1.68634,1.68674
25,2023-05-09 00:00:19,1.68636,1.68676
26,2023-05-09 00:00:21,1.68638,1.68678
27,2023-05-09 00:00:24,1.6863700000000001,1.68677
28,2023-05-09 00:00:25,1.68638,1.68678
29,2023-05-09 00:00:29,1.68636,1.68676
30,2023-05-09 00:00:30,1.686315,1.686715
32,2023-05-09 00:00:31,1.68632,1.68672
33,2023-05-09 00:00:32,1.686355,1.686755
35,2023-05-09 00:00:33,1.6863700000000001,1.68677
36,2023-05-09 00:00:36,1.6863650000000001,1.686765
38,2023-05-09 00:00:40,1.686335,1.6867349999999999
40,2023-05-09 00:00:41,1.68631,1.6867100000000002
41,2023-05-09 00:00:42,1.686315,1.686715
43,2023-05-09 00:00:43,1.68632,1.68672
44,2023-05-09 00:00:44,1.68629,1.68669
46,2023-05-09 00:00:45,1.68629,1.68669
47,2023-05-09 00:00:49,1.6863000000000001,1.6867
48,2023-05-09 00:00:51,1.686295,1.686695
50,2023-05-09 00:00:54,1.6862599999999999,1.6866599999999998
52,2023-05-09 00:00:57,1.68622,1.68662
54,2023-05-09 00:01:00,1.686205,1.686605
56,2023-05-09 00:01:01,1.68618,1.68658
57,2023-05-09 00:01:03,1.6862,1.6865999999999999
58,2023-05-09 00:01:04,1.68617,1.6865700000000001
59,2023-05-09 00:01:05,1.6862,1.6865999999999999
60,2023-05-09 00:01:06,1.6861899999999999,1.68659
61,2023-05-09 00:01:10,1.68613,1.6865299999999999
62,2023-05-09 00:01:12,1.68616,1.68656
63,2023-05-09 00:01:19,1.68617,1.6865700000000001
64,2023-05-09 00:01:20,1.686155,1.686555
66,2023-05-09 00:01:24,1.68613,1.6865299999999999
67,2023-05-09 00:01:26,1.68615,1.68655
69,2023-05-09 00:01:30,1.686195,1.686595
71,2023-05-09 00:01:34,1.68616,1.68656
72,2023-05-09 00:01:41,1.68617,1.6865700000000001
73,2023-05-09 00:01:43,1.68616,1.68656
74,2023-05-09 00:01:44,1.6861199999999998,1.68652
75,2023-05-09 00:01:45,1.6861549999999998,1.686555
77,2023-05-09 00:01:47,1.6861899999999999,1.68659
80,2023-05-09 00:01:48,1.68611,1.68651
81,2023-05-09 00:01:50,1.686175,1.686575
83,2023-05-09 00:01:51,1.68618,1.68658
86,2023-05-09 00:01:52,1.686165,1.6865649999999999
88,2023-05-09 00:01:53,1.68617,1.6865700000000001
89,2023-05-09 00:02:00,1.686165,1.686565
91,2023-05-09 00:02:02,1.68616,1.68656
92,2023-05-09 00:02:03,1.68617,1.6865700000000001
93,2023-05-09 00:02:07,1.6862300000000001,1.68663
94,2023-05-09 00:02:09,1.68621,1.68661
96,2023-05-09 00:02:11,1.6862599999999999,1.68666
97,2023-05-09 00:02:12,1.6863000000000001,1.6867
98,2023-05-09 00:02:13,1.686285,1.686685
100,2023-05-09 00:02:14,1.68627,1.68667
101,2023-05-09 00:02:15,1.68621,1.68661
103,2023-05-09 00:02:16,1.68618,1.68658
104,2023-05-09 00:02:29,1.68621,1.68661
105,2023-05-09 00:02:30,1.686165,1.6865649999999999
107,2023-05-09 00:02:31,1.68616,1.68656
108,2023-05-09 00:02:32,1.6861949999999999,1.686595
110,2023-05-09 00:02:33,1.6861799999999998,1.6865800000000002
112,2023-05-09 00:02:37,1.68614,1.68654
114,2023-05-09 00:02:39,1.68614,1.68654
115,2023-05-09 00:02:44,1.68609,1.68649
116,2023-05-09 00:02:45,1.68613,1.6865299999999999
117,2023-05-09 00:02:46,1.68616,1.68656
118,2023-05-09 00:02:48,1.68613,1.6865299999999999
119,2023-05-09 00:02:49,1.68616,1.68656
120,2023-05-09 00:02:50,1.68615,1.68655
122,2023-05-09 00:02:52,1.68618,1.68658
123,2023-05-09 00:02:53,1.686165,1.6865649999999999
125,2023-05-09 00:02:54,1.68615,1.68655
128,2023-05-09 00:02:55,1.6861899999999999,1.6865899999999998
130,2023-05-09 00:02:56,1.68617,1.6865700000000001
131,2023-05-09 00:02:58,1.68616,1.68656
133,2023-05-09 00:02:59,1.68615,1.68655
134,2023-05-09 00:03:00,1.68614,1.68654
136,2023-05-09 00:03:01,1.68611,1.68651
137,2023-05-09 00:03:06,1.6861199999999998,1.68652
138,2023-05-09 00:03:07,1.68615,1.68655
140,2023-05-09 00:03:09,1.68609,1.68649
141,2023-05-09 00:03:13,1.68606,1.6864599999999998
142,2023-05-09 00:03:20,1.68608,1.68648
143,2023-05-09 00:03:21,1.6860950000000001,1.686495
145,2023-05-09 00:03:22,1.68609,1.68649
146,2023-05-09 00:03:23,1.68606,1.6864599999999998
147,2023-05-09 00:03:24,1.6860300000000001,1.68643
148,2023-05-09 00:03:25,1.686035,1.6864350000000001
150,2023-05-09 00:03:28,1.686005,1.686405
152,2023-05-09 00:03:29,1.686,1.6864
153,2023-05-09 00:03:30,1.68602,1.68642
154,2023-05-09 00:03:32,1.686,1.6864
155,2023-05-09 00:03:35,1.68601,1.68641
156,2023-05-09 00:03:36,1.6860300000000001,1.68643
157,2023-05-09 00:03:38,1.68602,1.68642
158,2023-05-09 00:03:43,1.68601,1.68641
159,2023-05-09 00:03:44,1.68598,1.68638
162,2023-05-09 00:03:46,1.68598,1.68638
164,2023-05-09 00:03:49,1.685985,1.686385
166,2023-05-09 00:03:50,1.685935,1.6863350000000001
168,2023-05-09 00:03:52,1.6859700000000002,1.6863700000000001
170,2023-05-09 00:03:53,1.68591,1.68631
173,2023-05-09 00:03:55,1.6859199999999999,1.68632
174,2023-05-09 00:03:56,1.685955,1.686355
176,2023-05-09 00:03:57,1.68593,1.6863299999999999
177,2023-05-09 00:03:58,1.6859199999999999,1.68632
180,2023-05-09 00:03:59,1.6859799999999998,1.68638
182,2023-05-09 00:04:00,1.685945,1.686345
184,2023-05-09 00:04:03,1.6859199999999999,1.68632
185,2023-05-09 00:04:04,1.6859250000000001,1.686325
187,2023-05-09 00:04:05,1.685915,1.686315
189,2023-05-09 00:04:11,1.68593,1.6863299999999999
190,2023-05-09 00:04:12,1.6859199999999999,1.68632
191,2023-05-09 00:04:13,1.685915,1.686315
193,2023-05-09 00:04:14,1.68591,1.68631
194,2023-05-09 00:04:15,1.68589,1.68629
196,2023-05-09 00:04:16,1.685895,1.686295
198,2023-05-09 00:04:17,1.68587,1.68627
199,2023-05-09 00:04:21,1.68593,1.6863299999999999
202,2023-05-09 00:04:22,1.68595,1.68635
203,2023-05-09 00:04:24,1.685935,1.686335
205,2023-05-09 00:04:25,1.6859899999999999,1.6863899999999998
208,2023-05-09 00:04:27,1.68604,1.6864400000000002
211,2023-05-09 00:04:29,1.68607,1.68647
212,2023-05-09 00:04:30,1.686065,1.6864649999999999
214,2023-05-09 00:04:31,1.68606,1.6864599999999998
217,2023-05-09 00:04:32,1.68605,1.68645
218,2023-05-09 00:04:33,1.68604,1.6864400000000002
219,2023-05-09 00:04:35,1.68605,1.68645
220,2023-05-09 00:04:39,1.68606,1.6864599999999998
221,2023-05-09 00:04:40,1.68607,1.68647
222,2023-05-09 00:04:41,1.686055,1.686455
224,2023-05-09 00:04:43,1.68604,1.6864400000000002
225,2023-05-09 00:04:44,1.68605,1.68645
226,2023-05-09 00:04:47,1.686045,1.686445
228,2023-05-09 00:04:48,1.686025,1.686425
230,2023-05-09 00:04:53,1.6860300000000001,1.68643
231,2023-05-09 00:04:54,1.68606,1.6864599999999998
232,2023-05-09 00:04:55,1.68605,1.68645
233,2023-05-09 00:04:57,1.68606,1.6864599999999998
234,2023-05-09 00:05:00,1.68606,1.6864599999999998
235,2023-05-09 00:05:02,1.68605,1.68645
236,2023-05-09 00:05:18,1.68601,1.68641
239,2023-05-09 00:05:19,1.68601,1.68641
240,2023-05-09 00:05:22,1.68602,1.68642
241,2023-05-09 00:05:24,1.686025,1.686425
243,2023-05-09 00:05:26,1.6860400000000002,1.6864400000000002
245,2023-05-09 00:05:27,1.6859899999999999,1.6863899999999998
248,2023-05-09 00:05:28,1.685985,1.686385
250,2023-05-09 00:05:29,1.68597,1.6863700000000001
251,2023-05-09 00:05:30,1.6859600000000001,1.68636
254,2023-05-09 00:05:31,1.685975,1.686375
256,2023-05-09 00:05:33,1.6859600000000001,1.68636
257,2023-05-09 00:05:36,1.685975,1.686375
259,2023-05-09 00:05:38,1.68602,1.68642
263,2023-05-09 00:05:41,1.68605,1.68645
264,2023-05-09 00:05:42,1.68604,1.6864400000000002
265,2023-05-09 00:05:43,1.68601,1.68641
267,2023-05-09 00:05:44,1.686,1.6864
268,2023-05-09 00:05:45,1.68601,1.68641
269,2023-05-09 00:05:46,1.686,1.6864
270,2023-05-09 00:05:47,1.686,1.6864
273,2023-05-09 00:05:48,1.686,1.6864
274,2023-05-09 00:05:50,1.68601,1.68641
275,2023-05-09 00:05:51,1.6859899999999999,1.6863899999999998
276,2023-05-09 00:05:52,1.686,1.6864
277,2023-05-09 00:05:53,1.685985,1.686385
279,2023-05-09 00:05:54,1.6859899999999999,1.6863899999999998
280,2023-05-09 00:05:57,1.686,1.6864
281,2023-05-09 00:05:59,1.68598,1.68638
282,2023-05-09 00:06:00,1.68598,1.68638
283,2023-05-09 00:06:01,1.686,1.6864
284,2023-05-09 00:06:05,1.686005,1.686405
286,2023-05-09 00:06:06,1.6859799999999998,1.68638
288,2023-05-09 00:06:09,1.68594,1.68634
289,2023-05-09 00:06:12,1.68593,1.6863299999999999
290,2023-05-09 00:06:18,1.68594,1.68634
291,2023-05-09 00:06:21,1.68591,1.68631
292,2023-05-09 00:06:22,1.685915,1.686315
294,2023-05-09 00:06:25,1.6859099999999998,1.6863100000000002
296,2023-05-09 00:06:28,1.68591,1.68631
297,2023-05-09 00:06:29,1.68595,1.68635
298,2023-05-09 00:06:30,1.6859199999999999,1.68632
299,2023-05-09 00:06:31,1.68591,1.68631
300,2023-05-09 00:06:32,1.68593,1.6863299999999999
301,2023-05-09 00:06:33,1.68594,1.68634
302,2023-05-09 00:06:36,1.68595,1.68635
303,2023-05-09 00:06:39,1.68594,1.68634
304,2023-05-09 00:06:40,1.68593,1.6863299999999999
306,2023-05-09 00:06:41,1.6859199999999999,1.6863199999999998
308,2023-05-09 00:06:46,1.68589,1.68629
309,2023-05-09 00:06:51,1.685955,1.686355
311,2023-05-09 00:06:56,1.6859,1.6863000000000001
312,2023-05-09 00:06:57,1.685905,1.686305
314,2023-05-09 00:07:00,1.68589,1.68629
315,2023-05-09 00:07:05,1.6859,1.6863000000000001
316,2023-05-09 00:07:06,1.68589,1.68629
317,2023-05-09 00:07:12,1.68584,1.68624
318,2023-05-09 00:07:13,1.6858250000000001,1.686225
320,2023-05-09 00:07:15,1.6858300000000002,1.6862300000000001
321,2023-05-09 00:07:16,1.6858300000000002,1.6862300000000001
324,2023-05-09 00:07:18,1.6858,1.6862
325,2023-05-09 00:07:24,1.68584,1.68624
326,2023-05-09 00:07:25,1.68582,1.68622
327,2023-05-09 00:07:27,1.6858300000000002,1.6862300000000001
328,2023-05-09 00:07:28,1.68582,1.68622
329,2023-05-09 00:07:29,1.6858,1.6862
330,2023-05-09 00:07:31,1.68574,1.68614
331,2023-05-09 00:07:32,1.685775,1.686175
333,2023-05-09 00:07:33,1.68573,1.68613
335,2023-05-09 00:07:40,1.68575,1.68615
336,2023-05-09 00:07:41,1.68574,1.68614
337,2023-05-09 00:07:44,1.68575,1.68615
338,2023-05-09 00:07:47,1.68573,1.68613
339,2023-05-09 00:07:49,1.68574,1.68614
340,2023-05-09 00:07:50,1.68575,1.68615
341,2023-05-09 00:07:52,1.6857600000000001,1.68616
342,2023-05-09 00:07:53,1.68575,1.68615
343,2023-05-09 00:07:54,1.685735,1.686135
345,2023-05-09 00:07:56,1.685735,1.686135
347,2023-05-09 00:08:00,1.68574,1.68614
348,2023-05-09 00:08:01,1.68575,1.68615
349,2023-05-09 00:08:02,1.68574,1.68614
350,2023-05-09 00:08:03,1.6857250000000001,1.686125
352,2023-05-09 00:08:04,1.6856900000000001,1.68609
353,2023-05-09 00:08:05,1.6857,1.6861000000000002
354,2023-05-09 00:08:06,1.68571,1.68611
355,2023-05-09 00:08:08,1.6856900000000001,1.68609
356,2023-05-09 00:08:09,1.685685,1.686085
358,2023-05-09 00:08:11,1.6857,1.6861000000000002
359,2023-05-09 00:08:12,1.68571,1.68611
360,2023-05-09 00:08:13,1.68574,1.68614
361,2023-05-09 00:08:14,1.68573,1.68613
362,2023-05-09 00:08:21,1.6856900000000001,1.68609
363,2023-05-09 00:08:22,1.68568,1.68608
364,2023-05-09 00:08:23,1.68567,1.68607
365,2023-05-09 00:08:28,1.68568,1.68608
366,2023-05-09 00:08:30,1.6857199999999999,1.6861199999999998
367,2023-05-09 00:08:31,1.68575,1.68615
368,2023-05-09 00:08:32,1.685735,1.686135
370,2023-05-09 00:08:34,1.68571,1.68611
373,2023-05-09 00:08:44,1.68573,1.68613
374,2023-05-09 00:08:46,1.68571,1.68611
375,2023-05-09 00:08:49,1.6857,1.6861000000000002
376,2023-05-09 00:08:54,1.68568,1.68608
377,2023-05-09 00:08:59,1.685615,1.686015
379,2023-05-09 00:09:00,1.68561,1.68601
382,2023-05-09 00:09:02,1.68563,1.6860300000000001
383,2023-05-09 00:09:06,1.68564,1.68604
384,2023-05-09 00:09:08,1.68566,1.68606
385,2023-05-09 00:09:09,1.685605,1.686005
387,2023-05-09 00:09:10,1.68553,1.68593
390,2023-05-09 00:09:11,1.68544,1.68584
391,2023-05-09 00:09:12,1.68545,1.6858499999999998
392,2023-05-09 00:09:13,1.685475,1.685875
394,2023-05-09 00:09:14,1.68548,1.68588
395,2023-05-09 00:09:16,1.685465,1.685865
397,2023-05-09 00:09:17,1.68547,1.68587
398,2023-05-09 00:09:21,1.68546,1.68586
399,2023-05-09 00:09:22,1.6854550000000001,1.685855
401,2023-05-09 00:09:24,1.6854900000000002,1.68589
402,2023-05-09 00:09:25,1.68547,1.68587
403,2023-05-09 00:09:29,1.68548,1.68588
404,2023-05-09 00:09:33,1.68554,1.68594
406,2023-05-09 00:09:38,1.685505,1.685905
408,2023-05-09 00:09:39,1.68554,1.68594
409,2023-05-09 00:09:40,1.68554,1.68594
411,2023-05-09 00:09:42,1.685545,1.685945
413,2023-05-09 00:09:44,1.6855699999999998,1.6859700000000002
415,2023-05-09 00:09:45,1.6855799999999999,1.6859799999999998
417,2023-05-09 00:09:46,1.68555,1.68595
418,2023-05-09 00:09:50,1.68553,1.68593
419,2023-05-09 00:09:51,1.68554,1.68594
420,2023-05-09 00:09:52,1.68553,1.68593
421,2023-05-09 00:09:55,1.68553,1.68593
423,2023-05-09 00:09:59,1.68556,1.6859600000000001
424,2023-05-09 00:10:00,1.68556,1.6859600000000001
425,2023-05-09 00:10:01,1.6855799999999999,1.68598
426,2023-05-09 00:10:02,1.68556,1.6859600000000001
427,2023-05-09 00:10:03,1.685545,1.685945
429,2023-05-09 00:10:05,1.6855799999999999,1.68598
430,2023-05-09 00:10:11,1.68557,1.68597
431,2023-05-09 00:10:12,1.685565,1.685965
433,2023-05-09 00:10:13,1.6855699999999998,1.6859700000000002
435,2023-05-09 00:10:16,1.6856,1.686
436,2023-05-09 00:10:26,1.68552,1.6859199999999999
437,2023-05-09 00:10:32,1.6856,1.686
439,2023-05-09 00:10:35,1.6855600000000002,1.6859600000000001
441,2023-05-09 00:10:36,1.68553,1.68593
442,2023-05-09 00:10:40,1.6856,1.686
443,2023-05-09 00:10:42,1.68559,1.6859899999999999
444,2023-05-09 00:10:44,1.6856,1.686
445,2023-05-09 00:10:47,1.68561,1.68601
446,2023-05-09 00:10:51,1.6856200000000001,1.68602
447,2023-05-09 00:11:00,1.6856200000000001,1.68602
448,2023-05-09 00:11:03,1.6857199999999999,1.6861199999999998
449,2023-05-09 00:11:04,1.68568,1.68608
450,2023-05-09 00:11:05,1.6856749999999998,1.6860750000000002
452,2023-05-09 00:11:08,1.68563,1.6860300000000001
453,2023-05-09 00:11:11,1.68564,1.68604
454,2023-05-09 00:11:16,1.685625,1.686025
456,2023-05-09 00:11:18,1.68561,1.68601
457,2023-05-09 00:11:21,1.68563,1.6860300000000001
458,2023-05-09 00:11:22,1.685645,1.686045
460,2023-05-09 00:11:23,1.68561,1.68601
461,2023-05-09 00:11:30,1.6856200000000001,1.68602
462,2023-05-09 00:11:37,1.68557,1.68597
465,2023-05-09 00:11:38,1.6855849999999999,1.685985
467,2023-05-09 00:11:39,1.6856200000000001,1.68602
468,2023-05-09 00:11:41,1.68561,1.68601
469,2023-05-09 00:11:44,1.68556,1.6859600000000001
471,2023-05-09 00:11:45,1.68553,1.68593
472,2023-05-09 00:11:46,1.68556,1.6859600000000001
473,2023-05-09 00:11:47,1.6855799999999999,1.68598
476,2023-05-09 00:11:51,1.68557,1.68597
478,2023-05-09 00:11:52,1.685575,1.685975
480,2023-05-09 00:11:53,1.68555,1.68595
481,2023-05-09 00:11:54,1.68557,1.68597
482,2023-05-09 00:11:59,1.68557,1.68597
484,2023-05-09 00:12:00,1.6855799999999999,1.68598
487,2023-05-09 00:12:01,1.685555,1.685955
489,2023-05-09 00:12:07,1.68554,1.68594
490,2023-05-09 00:12:08,1.68557,1.68597
491,2023-05-09 00:12:11,1.68555,1.68595
492,2023-05-09 00:12:12,1.68553,1.68593
493,2023-05-09 00:12:17,1.68554,1.68594
494,2023-05-09 00:12:18,1.68553,1.68593
495,2023-05-09 00:12:20,1.6855449999999998,1.685945
497,2023-05-09 00:12:27,1.68553,1.68593
500,2023-05-09 00:12:29,1.68554,1.68594
502,2023-05-09 00:12:31,1.68555,1.68595
503,2023-05-09 00:12:33,1.68552,1.6859199999999999
504,2023-05-09 00:12:36,1.68554,1.68594
505,2023-05-09 00:12:37,1.68552,1.6859199999999999
506,2023-05-09 00:12:38,1.68553,1.68593
507,2023-05-09 00:12:39,1.685495,1.685895
509,2023-05-09 00:12:40,1.685465,1.685865
511,2023-05-09 00:12:43,1.685465,1.685865
513,2023-05-09 00:12:46,1.6854900000000002,1.68589
514,2023-05-09 00:12:48,1.68544,1.68584
515,2023-05-09 00:12:49,1.68543,1.6858300000000002
516,2023-05-09 00:12:50,1.68544,1.68584
517,2023-05-09 00:12:52,1.68545,1.6858499999999998
518,2023-05-09 00:12:53,1.685425,1.685825
520,2023-05-09 00:12:55,1.6854,1.6858
523,2023-05-09 00:12:57,1.6853799999999999,1.6857799999999998
526,2023-05-09 00:12:58,1.685355,1.6857550000000001
528,2023-05-09 00:12:59,1.68541,1.68581
530,2023-05-09 00:13:00,1.6854200000000001,1.68582
531,2023-05-09 00:13:01,1.68544,1.68584
532,2023-05-09 00:13:02,1.68547,1.68587
533,2023-05-09 00:13:03,1.68545,1.6858499999999998
534,2023-05-09 00:13:05,1.68544,1.68584
535,2023-05-09 00:13:06,1.68543,1.6858300000000002
536,2023-05-09 00:13:08,1.68539,1.68579
537,2023-05-09 00:13:10,1.6854300000000002,1.6858300000000002
539,2023-05-09 00:13:12,1.68546,1.68586
540,2023-05-09 00:13:13,1.68543,1.6858300000000002
541,2023-05-09 00:13:15,1.68541,1.68581
544,2023-05-09 00:13:16,1.68544,1.68584
545,2023-05-09 00:13:18,1.68548,1.68588
546,2023-05-09 00:13:23,1.6855,1.6859
547,2023-05-09 00:13:24,1.6855,1.6859000000000002
549,2023-05-09 00:13:25,1.68548,1.68588
550,2023-05-09 00:13:29,1.6855,1.6859
551,2023-05-09 00:13:31,1.68547,1.68587
552,2023-05-09 00:13:41,1.68548,1.68588
553,2023-05-09 00:13:42,1.68545,1.6858499999999998
554,2023-05-09 00:13:44,1.68543,1.6858300000000002
555,2023-05-09 00:13:48,1.685425,1.685825
557,2023-05-09 00:13:49,1.68547,1.68587
558,2023-05-09 00:13:50,1.685455,1.6858549999999999
560,2023-05-09 00:13:53,1.68548,1.68588
561,2023-05-09 00:13:55,1.68546,1.68586
562,2023-05-09 00:14:01,1.685465,1.685865
564,2023-05-09 00:14:04,1.68548,1.68588
565,2023-05-09 00:14:06,1.68546,1.68586
566,2023-05-09 00:14:09,1.6854850000000001,1.685885
568,2023-05-09 00:14:10,1.6855,1.6859
569,2023-05-09 00:14:11,1.6854900000000002,1.68589
570,2023-05-09 00:14:15,1.68552,1.6859199999999999
571,2023-05-09 00:14:16,1.6854900000000002,1.68589
572,2023-05-09 00:14:18,1.68545,1.6858499999999998
573,2023-05-09 00:14:19,1.6854900000000002,1.68589
574,2023-05-09 00:14:20,1.685495,1.685895
576,2023-05-09 00:14:24,1.68546,1.68586
577,2023-05-09 00:14:25,1.68547,1.68587
578,2023-05-09 00:14:27,1.68546,1.68586
579,2023-05-09 00:14:28,1.68548,1.68588
580,2023-05-09 00:14:29,1.68549,1.6858899999999999
582,2023-05-09 00:14:31,1.6855,1.6859
583,2023-05-09 00:14:32,1.68548,1.68588
584,2023-05-09 00:14:34,1.68546,1.68586
585,2023-05-09 00:14:35,1.6855,1.6859
588,2023-05-09 00:14:37,1.685475,1.685875
590,2023-05-09 00:14:39,1.68546,1.68586
591,2023-05-09 00:14:41,1.68543,1.6858300000000002
592,2023-05-09 00:14:42,1.68545,1.6858499999999998
593,2023-05-09 00:14:45,1.685435,1.685835
595,2023-05-09 00:14:47,1.6854149999999999,1.685815
597,2023-05-09 00:14:48,1.6854200000000001,1.68582
598,2023-05-09 00:14:49,1.68543,1.6858300000000002
599,2023-05-09 00:14:52,1.68544,1.68584
600,2023-05-09 00:14:54,1.68541,1.68581
601,2023-05-09 00:14:55,1.68541,1.68581
603,2023-05-09 00:14:56,1.68541,1.68581
604,2023-05-09 00:14:57,1.68546,1.68586
607,2023-05-09 00:14:58,1.68548,1.68588
608,2023-05-09 00:14:59,1.6855,1.6859
609,2023-05-09 00:15:00,1.6855,1.6859
610,2023-05-09 00:15:01,1.6855099999999998,1.68591
611,2023-05-09 00:15:02,1.685555,1.685955
613,2023-05-09 00:15:03,1.6855849999999999,1.685985
615,2023-05-09 00:15:04,1.68556,1.6859600000000001
616,2023-05-09 00:15:07,1.6856,1.686
617,2023-05-09 00:15:08,1.6855849999999999,1.685985
619,2023-05-09 00:15:09,1.68554,1.68594
621,2023-05-09 00:15:11,1.6855099999999998,1.68591
622,2023-05-09 00:15:12,1.68552,1.6859199999999999
623,2023-05-09 00:15:13,1.6855099999999998,1.68591
624,2023-05-09 00:15:18,1.68553,1.68593
625,2023-05-09 00:15:20,1.68552,1.6859199999999999
626,2023-05-09 00:15:24,1.6855,1.6859000000000002
628,2023-05-09 00:15:25,1.685495,1.685895
630,2023-05-09 00:15:28,1.68554,1.68594
631,2023-05-09 00:15:29,1.685525,1.685925
633,2023-05-09 00:15:30,1.68555,1.68595
634,2023-05-09 00:15:32,1.68561,1.68601
635,2023-05-09 00:15:34,1.68556,1.6859600000000001
636,2023-05-09 00:15:39,1.68559,1.6859899999999999
637,2023-05-09 00:15:40,1.6856200000000001,1.68602
638,2023-05-09 00:15:42,1.68559,1.6859899999999999
639,2023-05-09 00:15:44,1.68554,1.68594
642,2023-05-09 00:15:45,1.68556,1.6859600000000001
643,2023-05-09 00:15:46,1.685555,1.6859549999999999
645,2023-05-09 00:15:49,1.685625,1.686025
647,2023-05-09 00:16:00,1.685615,1.686015
649,2023-05-09 00:16:01,1.6857,1.6861000000000002
650,2023-05-09 00:16:03,1.68568,1.68608
651,2023-05-09 00:16:05,1.68567,1.68607
652,2023-05-09 00:16:07,1.6856900000000001,1.68609
653,2023-05-09 00:16:11,1.68568,1.68608
654,2023-05-09 00:16:14,1.6856900000000001,1.68609
655,2023-05-09 00:16:15,1.68567,1.68607
656,2023-05-09 00:16:16,1.6856900000000001,1.68609
657,2023-05-09 00:16:21,1.685685,1.686085
659,2023-05-09 00:16:25,1.68567,1.68607
660,2023-05-09 00:16:33,1.68566,1.68606
661,2023-05-09 00:16:34,1.6856200000000001,1.68602
662,2023-05-09 00:16:45,1.685625,1.686025
664,2023-05-09 00:16:51,1.68561,1.68601
665,2023-05-09 00:16:56,1.6856200000000001,1.68602
666,2023-05-09 00:17:01,1.6856200000000001,1.68602
667,2023-05-09 00:17:21,1.68557,1.68597
670,2023-05-09 00:17:22,1.68554,1.68594
671,2023-05-09 00:17:26,1.68559,1.6859899999999999
674,2023-05-09 00:17:27,1.68556,1.6859600000000001
675,2023-05-09 00:17:28,1.6855799999999999,1.68598
676,2023-05-09 00:17:29,1.68556,1.6859600000000001
677,2023-05-09 00:17:30,1.68559,1.6859899999999999
678,2023-05-09 00:17:31,1.6856,1.686
680,2023-05-09 00:17:33,1.685625,1.6860249999999999
682,2023-05-09 00:17:38,1.68567,1.68607
683,2023-05-09 00:17:40,1.68564,1.68604
684,2023-05-09 00:17:43,1.685615,1.686015
686,2023-05-09 00:17:44,1.6856,1.686
687,2023-05-09 00:17:45,1.68559,1.6859899999999999
688,2023-05-09 00:17:47,1.6856,1.686
691,2023-05-09 00:17:51,1.68564,1.68604
692,2023-05-09 00:17:53,1.68561,1.68601
694,2023-05-09 00:17:56,1.68556,1.6859600000000001
695,2023-05-09 00:17:58,1.68553,1.68593
696,2023-05-09 00:18:00,1.68553,1.68593
697,2023-05-09 00:18:01,1.6856,1.686
698,2023-05-09 00:18:04,1.68559,1.6859899999999999
699,2023-05-09 00:18:05,1.68561,1.68601
701,2023-05-09 00:18:07,1.68563,1.6860300000000001
702,2023-05-09 00:18:08,1.685645,1.686045
704,2023-05-09 00:18:12,1.68564,1.68604
705,2023-05-09 00:18:15,1.68573,1.68613
706,2023-05-09 00:18:26,1.68574,1.68614
707,2023-05-09 00:18:28,1.68571,1.68611
709,2023-05-09 00:18:29,1.6857,1.6861000000000002
710,2023-05-09 00:18:30,1.6856900000000001,1.68609
711,2023-05-09 00:18:31,1.68568,1.68608
712,2023-05-09 00:18:38,1.6856499999999999,1.6860499999999998
714,2023-05-09 00:18:41,1.68566,1.68606
715,2023-05-09 00:18:45,1.68568,1.68608
716,2023-05-09 00:18:48,1.685695,1.6860950000000001
718,2023-05-09 00:18:51,1.6856900000000001,1.68609
719,2023-05-09 00:18:52,1.68566,1.68606
720,2023-05-09 00:18:59,1.685705,1.686105
722,2023-05-09 00:19:00,1.68571,1.68611
723,2023-05-09 00:19:03,1.68567,1.68607
724,2023-05-09 00:19:18,1.68575,1.68615
725,2023-05-09 00:19:19,1.6857199999999999,1.6861199999999998
726,2023-05-09 00:19:20,1.6857,1.6861000000000002
727,2023-05-09 00:19:21,1.68573,1.68613
728,2023-05-09 00:19:22,1.68574,1.68614
729,2023-05-09 00:19:23,1.68577,1.68617
730,2023-05-09 00:19:31,1.68573,1.68613
731,2023-05-09 00:19:32,1.6857600000000001,1.68616
732,2023-05-09 00:19:34,1.68573,1.68613
735,2023-05-09 00:19:37,1.68571,1.68611
736,2023-05-09 00:19:39,1.68573,1.68613
737,2023-05-09 00:19:40,1.6856900000000001,1.68609
739,2023-05-09 00:19:41,1.68567,1.68607
740,2023-05-09 00:19:42,1.68568,1.68608
741,2023-05-09 00:19:44,1.68573,1.68613
742,2023-05-09 00:19:50,1.68571,1.68611
743,2023-05-09 00:19:54,1.68573,1.68613
744,2023-05-09 00:19:58,1.68577,1.6861700000000002
746,2023-05-09 00:19:59,1.685785,1.686185
748,2023-05-09 00:20:00,1.68581,1.68621
751,2023-05-09 00:20:04,1.6858300000000002,1.6862300000000001
754,2023-05-09 00:20:08,1.6858,1.6862
755,2023-05-09 00:20:15,1.68575,1.68615
756,2023-05-09 00:20:19,1.6857550000000001,1.686155
758,2023-05-09 00:20:20,1.6857600000000001,1.68616
759,2023-05-09 00:20:21,1.68582,1.68622
762,2023-05-09 00:20:22,1.68584,1.6862400000000002
764,2023-05-09 00:20:25,1.68581,1.68621
765,2023-05-09 00:20:28,1.685835,1.686235
767,2023-05-09 00:20:33,1.685865,1.6862650000000001
769,2023-05-09 00:20:37,1.68586,1.6862599999999999
770,2023-05-09 00:20:43,1.68582,1.68622
771,2023-05-09 00:20:44,1.685845,1.686245
773,2023-05-09 00:20:45,1.6858300000000002,1.6862300000000001
774,2023-05-09 00:20:46,1.68582,1.68622
775,2023-05-09 00:20:48,1.685835,1.686235
777,2023-05-09 00:20:50,1.6858300000000002,1.6862300000000001
778,2023-05-09 00:20:54,1.6858499999999998,1.68625
779,2023-05-09 00:20:55,1.68582,1.68622
780,2023-05-09 00:20:57,1.6858300000000002,1.6862300000000001
781,2023-05-09 00:20:58,1.6858499999999998,1.68625
782,2023-05-09 00:20:59,1.68584,1.68624
783,2023-05-09 00:21:00,1.685885,1.686285
785,2023-05-09 00:21:07,1.685845,1.686245
787,2023-05-09 00:21:08,1.68584,1.68624
788,2023-05-09 00:21:11,1.68587,1.68627
789,2023-05-09 00:21:16,1.68586,1.6862599999999999
791,2023-05-09 00:21:39,1.68586,1.6862599999999999
792,2023-05-09 00:21:40,1.68584,1.68624
793,2023-05-09 00:21:41,1.6858499999999998,1.68625
794,2023-05-09 00:21:43,1.68588,1.68628
795,2023-05-09 00:21:44,1.68587,1.68627
796,2023-05-09 00:21:46,1.68587,1.68627
798,2023-05-09 00:21:56,1.685875,1.686275
800,2023-05-09 00:21:59,1.68589,1.68629
801,2023-05-09 00:22:00,1.68591,1.68631
802,2023-05-09 00:22:02,1.6859000000000002,1.6863000000000001
806,2023-05-09 00:22:03,1.6859199999999999,1.68632
807,2023-05-09 00:22:07,1.6859000000000002,1.6863000000000001
809,2023-05-09 00:22:09,1.68595,1.68635
810,2023-05-09 00:22:10,1.68593,1.6863299999999999
811,2023-05-09 00:22:16,1.68597,1.6863700000000001
812,2023-05-09 00:22:19,1.686,1.6864
813,2023-05-09 00:22:31,1.68594,1.68634
814,2023-05-09 00:22:37,1.68593,1.6863299999999999
816,2023-05-09 00:22:38,1.685965,1.6863650000000001
818,2023-05-09 00:22:40,1.68595,1.68635
819,2023-05-09 00:22:41,1.6859199999999999,1.68632
820,2023-05-09 00:22:45,1.68593,1.6863299999999999
821,2023-05-09 00:22:46,1.6859099999999998,1.6863100000000002
823,2023-05-09 00:22:47,1.6859,1.6863000000000001
826,2023-05-09 00:22:48,1.68589,1.68629
827,2023-05-09 00:22:57,1.68586,1.6862599999999999
828,2023-05-09 00:23:00,1.68586,1.6862599999999999
829,2023-05-09 00:23:24,1.68584,1.68624
830,2023-05-09 00:23:30,1.68582,1.68622
831,2023-05-09 00:23:33,1.6858,1.6862
832,2023-05-09 00:23:34,1.68579,1.6861899999999999
833,2023-05-09 00:23:35,1.68582,1.68622
834,2023-05-09 00:23:36,1.6858300000000002,1.6862300000000001
835,2023-05-09 00:23:40,1.68582,1.68622
836,2023-05-09 00:23:50,1.6858300000000002,1.6862300000000001
837,2023-05-09 00:23:55,1.685865,1.6862650000000001
839,2023-05-09 00:23:56,1.68586,1.6862599999999999
842,2023-05-09 00:23:58,1.68587,1.68627
844,2023-05-09 00:24:00,1.68586,1.6862599999999999
845,2023-05-09 00:24:08,1.68589,1.68629
846,2023-05-09 00:24:11,1.6858499999999998,1.68625
847,2023-05-09 00:24:18,1.6858300000000002,1.6862300000000001
848,2023-05-09 00:24:23,1.68589,1.68629
849,2023-05-09 00:24:26,1.68591,1.68631
850,2023-05-09 00:24:28,1.6859,1.6863000000000001
851,2023-05-09 00:24:31,1.6858849999999999,1.686285
853,2023-05-09 00:24:32,1.68588,1.68628
854,2023-05-09 00:24:35,1.685865,1.686265
856,2023-05-09 00:24:45,1.6859,1.6863000000000001
857,2023-05-09 00:24:47,1.68593,1.6863299999999999
858,2023-05-09 00:24:52,1.68595,1.68635
859,2023-05-09 00:24:53,1.6859600000000001,1.68636
860,2023-05-09 00:24:59,1.6859899999999999,1.6863899999999998
861,2023-05-09 00:25:01,1.6859899999999999,1.6863899999999998
862,2023-05-09 00:25:30,1.6859700000000002,1.6863700000000001
864,2023-05-09 00:25:31,1.68597,1.6863700000000001
865,2023-05-09 00:25:35,1.68598,1.68638
866,2023-05-09 00:25:38,1.68597,1.6863700000000001
867,2023-05-09 00:25:48,1.686,1.6864
868,2023-05-09 00:25:53,1.68602,1.68642
870,2023-05-09 00:25:55,1.68606,1.6864599999999998
871,2023-05-09 00:25:56,1.68607,1.68647
872,2023-05-09 00:25:58,1.68606,1.6864599999999998
873,2023-05-09 00:26:00,1.686055,1.686455
875,2023-05-09 00:26:09,1.686065,1.6864649999999999
877,2023-05-09 00:26:10,1.68605,1.68645
878,2023-05-09 00:26:11,1.68604,1.6864400000000002
879,2023-05-09 00:26:14,1.68602,1.68642
880,2023-05-09 00:26:25,1.68598,1.68638
881,2023-05-09 00:26:35,1.68601,1.68641
882,2023-05-09 00:26:40,1.68598,1.68638
883,2023-05-09 00:26:41,1.686,1.6864
884,2023-05-09 00:26:46,1.6860300000000001,1.68643
885,2023-05-09 00:26:47,1.686005,1.686405
887,2023-05-09 00:26:48,1.686,1.6864
888,2023-05-09 00:26:50,1.6859899999999999,1.6863899999999998
889,2023-05-09 00:26:51,1.68597,1.6863700000000001
890,2023-05-09 00:26:54,1.68598,1.68638
891,2023-05-09 00:26:56,1.686,1.6864
892,2023-05-09 00:27:00,1.686,1.6864
893,2023-05-09 00:27:01,1.68598,1.68638
894,2023-05-09 00:27:11,1.685935,1.6863350000000001
896,2023-05-09 00:27:21,1.68589,1.68629
897,2023-05-09 00:27:29,1.6859199999999999,1.68632
898,2023-05-09 00:27:30,1.68589,1.68629
899,2023-05-09 00:27:32,1.68591,1.68631
900,2023-05-09 00:27:35,1.68595,1.68635
901,2023-05-09 00:27:37,1.685965,1.6863650000000001
903,2023-05-09 00:27:38,1.685955,1.686355
905,2023-05-09 00:27:41,1.68594,1.68634
906,2023-05-09 00:27:42,1.68594,1.68634
908,2023-05-09 00:27:44,1.6859600000000001,1.68636
911,2023-05-09 00:27:54,1.6859600000000001,1.68636
912,2023-05-09 00:27:55,1.68589,1.68629
913,2023-05-09 00:27:56,1.68591,1.68631
914,2023-05-09 00:27:57,1.68594,1.68634
915,2023-05-09 00:28:00,1.68594,1.68634
916,2023-05-09 00:28:01,1.6859600000000001,1.68636
917,2023-05-09 00:28:04,1.68598,1.68638
918,2023-05-09 00:28:14,1.68597,1.6863700000000001
919,2023-05-09 00:28:25,1.6859899999999999,1.6863899999999998
920,2023-05-09 00:28:31,1.68598,1.68638
921,2023-05-09 00:28:42,1.68597,1.6863700000000001
922,2023-05-09 00:28:43,1.6859600000000001,1.68636
923,2023-05-09 00:28:57,1.68595,1.68635
924,2023-05-09 00:29:00,1.68594,1.68634
926,2023-05-09 00:29:01,1.6859199999999999,1.68632
927,2023-05-09 00:29:03,1.68591,1.68631
928,2023-05-09 00:29:04,1.685915,1.686315
930,2023-05-09 00:29:08,1.6859600000000001,1.68636
931,2023-05-09 00:29:17,1.68594,1.68634
932,2023-05-09 00:29:18,1.6858849999999999,1.6862849999999998
934,2023-05-09 00:29:20,1.68589,1.68629
936,2023-05-09 00:29:22,1.68589,1.68629
937,2023-05-09 00:29:27,1.6859199999999999,1.68632
938,2023-05-09 00:29:37,1.68589,1.68629
939,2023-05-09 00:29:43,1.68591,1.68631
940,2023-05-09 00:29:52,1.68593,1.6863299999999999
941,2023-05-09 00:30:00,1.6859600000000001,1.68636
942,2023-05-09 00:30:03,1.6859899999999999,1.6863899999999998
943,2023-05-09 00:30:04,1.68591,1.68631
946,2023-05-09 00:30:09,1.68594,1.68634
947,2023-05-09 00:30:14,1.68597,1.6863700000000001
948,2023-05-09 00:30:17,1.686,1.6864
949,2023-05-09 00:30:18,1.6860300000000001,1.68643
950,2023-05-09 00:30:19,1.68601,1.68641
951,2023-05-09 00:30:24,1.68598,1.68638
952,2023-05-09 00:30:26,1.6860249999999999,1.686425
954,2023-05-09 00:30:27,1.68602,1.68642
955,2023-05-09 00:30:30,1.6859600000000001,1.68636
958,2023-05-09 00:30:31,1.68594,1.68634
960,2023-05-09 00:30:41,1.6859600000000001,1.68636
961,2023-05-09 00:31:00,1.6859600000000001,1.68636
962,2023-05-09 00:31:03,1.685965,1.686365
964,2023-05-09 00:31:10,1.6859600000000001,1.68636
965,2023-05-09 00:31:15,1.685945,1.686345
967,2023-05-09 00:31:16,1.685905,1.686305
969,2023-05-09 00:31:21,1.6859199999999999,1.68632
970,2023-05-09 00:31:24,1.68591,1.68631
971,2023-05-09 00:31:34,1.6859,1.6863000000000001
972,2023-05-09 00:31:37,1.6858499999999998,1.68625
973,2023-05-09 00:31:38,1.68586,1.6862599999999999
974,2023-05-09 00:31:42,1.68587,1.68627
975,2023-05-09 00:31:43,1.68584,1.68624
976,2023-05-09 00:31:46,1.68587,1.68627
978,2023-05-09 00:31:50,1.68588,1.68628
979,2023-05-09 00:32:00,1.685885,1.686285
981,2023-05-09 00:32:02,1.6859,1.6863000000000001
982,2023-05-09 00:32:03,1.68586,1.6862599999999999
983,2023-05-09 00:32:04,1.6858499999999998,1.68625
984,2023-05-09 00:32:06,1.68581,1.68621
985,2023-05-09 00:32:07,1.685835,1.686235
987,2023-05-09 00:32:13,1.68581,1.68621
988,2023-05-09 00:32:20,1.68582,1.68622
989,2023-05-09 00:32:25,1.685835,1.686235
993,2023-05-09 00:32:28,1.68584,1.68624
994,2023-05-09 00:32:35,1.68582,1.68622
995,2023-05-09 00:32:41,1.68584,1.68624
996,2023-05-09 00:32:44,1.68579,1.6861899999999999
997,2023-05-09 00:32:45,1.6857799999999998,1.68618
998,2023-05-09 00:32:50,1.6858,1.6862
999,2023-05-09 00:32:51,1.68582,1.68622
1000,2023-05-09 00:32:53,1.68584,1.68624
1001,2023-05-09 00:32:55,1.68581,1.68621
1002,2023-05-09 00:33:00,1.68581,1.68621
1003,2023-05-09 00:33:01,1.685805,1.6862050000000002
1005,2023-05-09 00:33:02,1.68582,1.68622
1006,2023-05-09 00:33:05,1.6858,1.6862
1007,2023-05-09 00:33:11,1.68582,1.68622
1008,2023-05-09 00:33:12,1.685805,1.686205
1010,2023-05-09 00:33:16,1.685815,1.686215
1012,2023-05-09 00:33:17,1.68582,1.68622
1013,2023-05-09 00:33:20,1.68584,1.68624
1014,2023-05-09 00:33:24,1.68582,1.68622
1015,2023-05-09 00:33:26,1.6857799999999998,1.68618
1016,2023-05-09 00:33:27,1.68581,1.68621
1017,2023-05-09 00:33:29,1.68582,1.68622
1018,2023-05-09 00:33:36,1.6858300000000002,1.6862300000000001
1019,2023-05-09 00:33:37,1.6858250000000001,1.686225
1021,2023-05-09 00:33:38,1.685835,1.686235
1023,2023-05-09 00:33:39,1.68584,1.68624
1024,2023-05-09 00:33:43,1.6858499999999998,1.68625
1025,2023-05-09 00:33:44,1.68584,1.68624
1026,2023-05-09 00:33:45,1.6858499999999998,1.6862499999999998
1028,2023-05-09 00:33:46,1.6858499999999998,1.68625
1029,2023-05-09 00:33:47,1.685865,1.686265
1031,2023-05-09 00:33:48,1.685875,1.686275
1033,2023-05-09 00:33:50,1.68589,1.68629
1034,2023-05-09 00:33:52,1.68587,1.68627
1035,2023-05-09 00:33:56,1.68584,1.68624
1036,2023-05-09 00:33:58,1.6858499999999998,1.68625
1037,2023-05-09 00:33:59,1.685835,1.686235
1039,2023-05-09 00:34:00,1.6858300000000002,1.6862300000000001
1040,2023-05-09 00:34:16,1.6858,1.6862
1041,2023-05-09 00:34:18,1.6857799999999998,1.68618
1042,2023-05-09 00:34:24,1.68577,1.68617
1043,2023-05-09 00:34:27,1.6857799999999998,1.68618
1044,2023-05-09 00:34:32,1.6858,1.6862
1045,2023-05-09 00:34:36,1.68579,1.6861899999999999
1046,2023-05-09 00:34:46,1.6857799999999998,1.68618
1047,2023-05-09 00:34:47,1.6857799999999998,1.68618
1050,2023-05-09 00:34:59,1.6857799999999998,1.68618
1051,2023-05-09 00:35:00,1.6857799999999998,1.68618
1052,2023-05-09 00:35:01,1.68577,1.68617
1053,2023-05-09 00:35:05,1.6857849999999999,1.686185
1055,2023-05-09 00:35:36,1.6857600000000001,1.68616
1056,2023-05-09 00:35:41,1.6857799999999998,1.68618
1057,2023-05-09 00:35:49,1.6858,1.6862
1058,2023-05-09 00:35:52,1.68579,1.6861899999999999
1059,2023-05-09 00:35:57,1.68581,1.68621
1060,2023-05-09 00:36:00,1.685815,1.686215
1062,2023-05-09 00:36:01,1.68582,1.68622
1063,2023-05-09 00:36:02,1.68581,1.68621
1064,2023-05-09 00:36:07,1.6858,1.6862
1065,2023-05-09 00:36:12,1.68581,1.68621
1066,2023-05-09 00:36:17,1.6857799999999998,1.68618
1067,2023-05-09 00:36:18,1.6857600000000001,1.68616
1069,2023-05-09 00:36:26,1.68579,1.6861899999999999
1070,2023-05-09 00:36:27,1.6857600000000001,1.68616
1071,2023-05-09 00:36:28,1.68574,1.68614
1072,2023-05-09 00:36:30,1.6857600000000001,1.68616
1073,2023-05-09 00:36:40,1.68575,1.68615
1074,2023-05-09 00:36:41,1.6857600000000001,1.68616
1075,2023-05-09 00:36:45,1.68575,1.68615
1076,2023-05-09 00:36:56,1.6857600000000001,1.68616
1077,2023-05-09 00:37:00,1.6857600000000001,1.68616
1078,2023-05-09 00:37:04,1.6857799999999998,1.68618
1079,2023-05-09 00:37:05,1.6858,1.6862
1081,2023-05-09 00:37:15,1.6858,1.6862
1082,2023-05-09 00:37:20,1.68581,1.68621
1083,2023-05-09 00:37:21,1.68582,1.68622
1084,2023-05-09 00:37:22,1.6858300000000002,1.6862300000000001
1085,2023-05-09 00:37:28,1.68581,1.68621
1087,2023-05-09 00:37:32,1.6858,1.6862
1088,2023-05-09 00:37:33,1.68582,1.68622
1089,2023-05-09 00:37:41,1.6858300000000002,1.6862300000000001
1090,2023-05-09 00:37:42,1.68584,1.68624
1091,2023-05-09 00:37:48,1.68588,1.68628
1093,2023-05-09 00:37:59,1.68586,1.6862599999999999
1094,2023-05-09 00:38:00,1.68586,1.6862599999999999
1095,2023-05-09 00:38:01,1.68587,1.68627
1096,2023-05-09 00:38:12,1.68586,1.6862599999999999
1097,2023-05-09 00:38:15,1.6858499999999998,1.68625
1098,2023-05-09 00:38:18,1.6857799999999998,1.68618
1099,2023-05-09 00:38:19,1.68588,1.68628
1100,2023-05-09 00:38:26,1.68589,1.68629
1101,2023-05-09 00:38:28,1.685875,1.686275
1103,2023-05-09 00:38:36,1.68587,1.68627
1104,2023-05-09 00:38:39,1.68589,1.68629
1105,2023-05-09 00:38:40,1.6858499999999998,1.68625
1106,2023-05-09 00:38:41,1.68586,1.6862599999999999
1107,2023-05-09 00:38:43,1.68587,1.68627
1108,2023-05-09 00:38:44,1.68586,1.6862599999999999
1109,2023-05-09 00:38:50,1.68587,1.68627
1110,2023-05-09 00:38:52,1.6858499999999998,1.68625
1111,2023-05-09 00:38:54,1.68586,1.6862599999999999
1112,2023-05-09 00:38:58,1.68588,1.68628
1113,2023-05-09 00:39:00,1.68588,1.68628
1114,2023-05-09 00:39:04,1.6858300000000002,1.6862300000000001
1115,2023-05-09 00:39:05,1.6858250000000001,1.686225
1117,2023-05-09 00:39:07,1.6858499999999998,1.6862499999999998
1119,2023-05-09 00:39:13,1.68584,1.68624
1120,2023-05-09 00:39:15,1.685835,1.686235
1122,2023-05-09 00:39:16,1.6858300000000002,1.6862300000000001
1123,2023-05-09 00:39:22,1.68581,1.68621
1124,2023-05-09 00:39:26,1.6858,1.6862
1125,2023-05-09 00:39:31,1.68579,1.6861899999999999
1126,2023-05-09 00:39:38,1.6858,1.6862
1127,2023-05-09 00:39:40,1.6857799999999998,1.68618
1128,2023-05-09 00:39:41,1.68577,1.68617
1129,2023-05-09 00:39:43,1.6857600000000001,1.68616
1130,2023-05-09 00:39:50,1.6857199999999999,1.6861199999999998
1131,2023-05-09 00:39:51,1.68571,1.68611
1132,2023-05-09 00:39:52,1.6857199999999999,1.6861199999999998
1133,2023-05-09 00:39:54,1.68574,1.68614
1134,2023-05-09 00:39:55,1.68574,1.68614
1136,2023-05-09 00:39:57,1.685705,1.686105
1138,2023-05-09 00:39:58,1.685685,1.686085
1140,2023-05-09 00:39:59,1.685665,1.686065
1142,2023-05-09 00:40:00,1.6856499999999999,1.68605
1143,2023-05-09 00:40:01,1.68566,1.68606
1144,2023-05-09 00:40:02,1.685675,1.686075
1146,2023-05-09 00:40:03,1.6856900000000001,1.68609
1147,2023-05-09 00:40:04,1.685675,1.686075
1149,2023-05-09 00:40:08,1.685725,1.6861249999999999
1151,2023-05-09 00:40:10,1.685735,1.686135
1153,2023-05-09 00:40:11,1.68575,1.68615
1156,2023-05-09 00:40:16,1.685775,1.686175
1158,2023-05-09 00:40:17,1.68579,1.6861899999999999
1159,2023-05-09 00:40:24,1.68575,1.68615
1160,2023-05-09 00:40:25,1.68574,1.68614
1161,2023-05-09 00:40:27,1.6857600000000001,1.68616
1162,2023-05-09 00:40:30,1.68577,1.68617
1163,2023-05-09 00:40:32,1.68579,1.6861899999999999
1164,2023-05-09 00:40:33,1.6857799999999998,1.68618
1165,2023-05-09 00:40:34,1.68577,1.68617
1166,2023-05-09 00:40:35,1.6857799999999998,1.68618
1167,2023-05-09 00:40:37,1.68577,1.68617
1168,2023-05-09 00:40:38,1.68579,1.6861899999999999
1169,2023-05-09 00:40:40,1.6857799999999998,1.68618
1170,2023-05-09 00:40:45,1.6857600000000001,1.68616
1171,2023-05-09 00:40:49,1.68577,1.68617
1172,2023-05-09 00:40:50,1.6857550000000001,1.686155
1174,2023-05-09 00:40:55,1.68577,1.68617
1175,2023-05-09 00:41:00,1.6857799999999998,1.68618
1176,2023-05-09 00:41:04,1.68584,1.6862400000000002
1178,2023-05-09 00:41:11,1.685825,1.6862249999999999
1180,2023-05-09 00:41:14,1.6858300000000002,1.6862300000000001
1181,2023-05-09 00:41:17,1.68588,1.68628
1182,2023-05-09 00:41:19,1.68586,1.6862599999999999
1184,2023-05-09 00:41:20,1.68584,1.68624
1185,2023-05-09 00:41:21,1.685835,1.686235
1187,2023-05-09 00:41:22,1.68581,1.68621
1189,2023-05-09 00:41:23,1.6858,1.6862
1190,2023-05-09 00:41:27,1.68579,1.6861899999999999
1191,2023-05-09 00:41:37,1.6858,1.6862
1192,2023-05-09 00:41:40,1.68581,1.68621
1193,2023-05-09 00:41:42,1.6858,1.6862
1194,2023-05-09 00:41:48,1.6858,1.6862
1196,2023-05-09 00:41:49,1.6857799999999998,1.68618
1199,2023-05-09 00:41:50,1.68577,1.68617
1200,2023-05-09 00:41:59,1.6857799999999998,1.68618
1201,2023-05-09 00:42:00,1.68579,1.6861899999999999
1204,2023-05-09 00:42:04,1.68581,1.68621
1205,2023-05-09 00:42:05,1.68582,1.68622
1206,2023-05-09 00:42:09,1.68579,1.6861899999999999
1207,2023-05-09 00:42:14,1.6858,1.6862
1208,2023-05-09 00:42:18,1.6857799999999998,1.68618
1209,2023-05-09 00:42:20,1.68577,1.68617
1210,2023-05-09 00:42:28,1.68575,1.68615
1211,2023-05-09 00:42:32,1.68574,1.68614
1212,2023-05-09 00:42:33,1.6857600000000001,1.68616
1213,2023-05-09 00:42:35,1.68577,1.68617
1214,2023-05-09 00:42:39,1.6857849999999999,1.686185
1216,2023-05-09 00:42:43,1.685765,1.686165
1218,2023-05-09 00:42:47,1.68577,1.68617
1219,2023-05-09 00:42:51,1.6857600000000001,1.68616
1220,2023-05-09 00:42:56,1.68566,1.68606
1223,2023-05-09 00:43:00,1.68563,1.6860300000000001
1224,2023-05-09 00:43:01,1.68564,1.68604
1225,2023-05-09 00:43:07,1.68566,1.68606
1226,2023-05-09 00:43:11,1.6856499999999999,1.68605
1227,2023-05-09 00:43:25,1.68566,1.68606
1228,2023-05-09 00:43:29,1.6856499999999999,1.68605
1229,2023-05-09 00:43:31,1.68566,1.68606
1230,2023-05-09 00:43:33,1.68567,1.68607
1231,2023-05-09 00:43:37,1.6857,1.6861000000000002
1232,2023-05-09 00:43:39,1.6856900000000001,1.68609
1233,2023-05-09 00:43:42,1.6857,1.6861000000000002
1234,2023-05-09 00:43:43,1.6856900000000001,1.68609
1235,2023-05-09 00:43:46,1.6857,1.6861000000000002
1236,2023-05-09 00:43:49,1.6856900000000001,1.68609
1237,2023-05-09 00:43:50,1.6857,1.6861000000000002
1238,2023-05-09 00:43:53,1.68566,1.68606
1239,2023-05-09 00:43:58,1.68568,1.68608
1240,2023-05-09 00:44:01,1.68568,1.68608
1241,2023-05-09 00:44:44,1.68566,1.68606
1242,2023-05-09 00:44:46,1.68563,1.6860300000000001
1243,2023-05-09 00:44:51,1.68564,1.68604
1244,2023-05-09 00:44:52,1.6856200000000001,1.68602
1245,2023-05-09 00:44:53,1.68559,1.6859899999999999
1246,2023-05-09 00:44:57,1.685635,1.686035
1248,2023-05-09 00:45:00,1.685645,1.686045
1250,2023-05-09 00:45:01,1.68564,1.68604
1251,2023-05-09 00:45:02,1.685655,1.686055
1253,2023-05-09 00:45:11,1.685675,1.686075
1255,2023-05-09 00:45:12,1.68567,1.68607
1256,2023-05-09 00:45:13,1.68566,1.68606
1257,2023-05-09 00:45:20,1.685665,1.686065
1259,2023-05-09 00:45:26,1.685645,1.686045
1261,2023-05-09 00:45:29,1.6856499999999999,1.68605
1262,2023-05-09 00:45:30,1.6856499999999999,1.6860499999999998
1264,2023-05-09 00:45:31,1.6856499999999999,1.68605
1265,2023-05-09 00:45:41,1.685665,1.686065
1267,2023-05-09 00:45:42,1.68568,1.68608
1268,2023-05-09 00:45:43,1.6856900000000001,1.68609
1269,2023-05-09 00:45:55,1.6857799999999998,1.68618
1272,2023-05-09 00:45:57,1.68577,1.68617
1273,2023-05-09 00:45:59,1.6857799999999998,1.68618
1274,2023-05-09 00:46:00,1.6857799999999998,1.68618
1275,2023-05-09 00:46:01,1.68579,1.6861899999999999
1276,2023-05-09 00:46:02,1.6857600000000001,1.68616
1277,2023-05-09 00:46:05,1.68575,1.68615
1278,2023-05-09 00:46:08,1.6857550000000001,1.686155
1280,2023-05-09 00:46:10,1.68574,1.68614
1281,2023-05-09 00:46:11,1.685775,1.686175
1283,2023-05-09 00:46:13,1.685775,1.686175
1285,2023-05-09 00:46:14,1.685775,1.686175
1287,2023-05-09 00:46:18,1.68579,1.6861899999999999
1288,2023-05-09 00:46:20,1.6858,1.6862
1289,2023-05-09 00:46:37,1.68581,1.68621
1290,2023-05-09 00:46:38,1.685815,1.686215
1292,2023-05-09 00:46:39,1.68582,1.68622
1295,2023-05-09 00:46:40,1.68581,1.68621
1296,2023-05-09 00:46:55,1.6858,1.6862
1297,2023-05-09 00:47:00,1.6858,1.6862
1298,2023-05-09 00:47:03,1.68581,1.68621
1299,2023-05-09 00:47:05,1.68577,1.68617
1300,2023-05-09 00:47:06,1.6857849999999999,1.686185
1302,2023-05-09 00:47:10,1.685755,1.6861549999999998
1304,2023-05-09 00:47:13,1.68574,1.68614
1305,2023-05-09 00:47:16,1.6857600000000001,1.68616
1306,2023-05-09 00:47:17,1.68575,1.68615
1307,2023-05-09 00:47:18,1.68574,1.68614
1308,2023-05-09 00:47:23,1.68575,1.68615
1309,2023-05-09 00:47:30,1.6857550000000001,1.686155
1313,2023-05-09 00:47:31,1.6858,1.6862
1314,2023-05-09 00:47:36,1.68581,1.68621
1315,2023-05-09 00:47:38,1.6858,1.6862
1316,2023-05-09 00:47:39,1.68582,1.68622
1318,2023-05-09 00:47:42,1.68582,1.68622
1319,2023-05-09 00:47:48,1.6858300000000002,1.6862300000000001
1320,2023-05-09 00:47:51,1.68582,1.68622
1321,2023-05-09 00:48:00,1.68582,1.68622
1322,2023-05-09 00:48:02,1.685815,1.686215
1324,2023-05-09 00:48:11,1.68586,1.6862599999999999
1327,2023-05-09 00:48:12,1.685865,1.6862650000000001
1329,2023-05-09 00:48:14,1.68586,1.6862599999999999
1330,2023-05-09 00:48:16,1.68588,1.68628
1333,2023-05-09 00:48:17,1.6859,1.6863000000000001
1334,2023-05-09 00:48:20,1.685905,1.686305
1336,2023-05-09 00:48:22,1.68589,1.68629
1337,2023-05-09 00:48:23,1.68586,1.6862599999999999
1338,2023-05-09 00:48:25,1.68589,1.68629
1339,2023-05-09 00:48:28,1.6859,1.6863000000000001
1340,2023-05-09 00:48:29,1.685905,1.686305
1344,2023-05-09 00:48:31,1.68589,1.68629
1345,2023-05-09 00:48:32,1.68587,1.68627
1346,2023-05-09 00:48:33,1.685885,1.686285
1348,2023-05-09 00:48:34,1.685895,1.686295
1350,2023-05-09 00:48:39,1.68591,1.68631
1351,2023-05-09 00:48:41,1.68597,1.6863700000000001
1352,2023-05-09 00:48:44,1.6859600000000001,1.68636
1353,2023-05-09 00:48:47,1.68597,1.6863700000000001
1354,2023-05-09 00:48:48,1.6859600000000001,1.68636
1355,2023-05-09 00:48:50,1.6859,1.6863000000000001
1356,2023-05-09 00:48:53,1.68589,1.68629
1357,2023-05-09 00:48:56,1.68587,1.68627
1358,2023-05-09 00:49:00,1.685905,1.686305
1360,2023-05-09 00:49:01,1.68598,1.68638
1361,2023-05-09 00:49:03,1.685995,1.6863949999999999
1363,2023-05-09 00:49:04,1.6859899999999999,1.6863899999999998
1364,2023-05-09 00:49:05,1.68601,1.68641
1366,2023-05-09 00:49:06,1.6860300000000001,1.68643
1368,2023-05-09 00:49:07,1.68609,1.68649
1370,2023-05-09 00:49:10,1.68609,1.68649
1371,2023-05-09 00:49:17,1.686065,1.6864649999999999
1373,2023-05-09 00:49:24,1.68608,1.68648
1374,2023-05-09 00:49:26,1.686085,1.686485
1376,2023-05-09 00:49:29,1.68606,1.6864599999999998
1377,2023-05-09 00:49:30,1.68605,1.68645
1378,2023-05-09 00:49:31,1.68606,1.6864599999999998
1379,2023-05-09 00:49:32,1.68601,1.68641
1380,2023-05-09 00:49:34,1.686035,1.6864350000000001
1382,2023-05-09 00:49:38,1.68605,1.68645
1383,2023-05-09 00:49:41,1.6860300000000001,1.68643
1384,2023-05-09 00:49:46,1.686,1.6864
1385,2023-05-09 00:49:47,1.68597,1.6863700000000001
1386,2023-05-09 00:49:49,1.685985,1.686385
1388,2023-05-09 00:49:50,1.6859,1.6863000000000001
1391,2023-05-09 00:49:54,1.68593,1.6863299999999999
1392,2023-05-09 00:49:55,1.6859199999999999,1.68632
1393,2023-05-09 00:49:56,1.68593,1.6863299999999999
1394,2023-05-09 00:49:59,1.6859099999999998,1.6863100000000002
1396,2023-05-09 00:50:00,1.6859,1.6863000000000001
1397,2023-05-09 00:50:01,1.68591,1.68631
1398,2023-05-09 00:50:02,1.6859199999999999,1.68632
1399,2023-05-09 00:50:05,1.6858499999999998,1.68625
1400,2023-05-09 00:50:06,1.68586,1.6862599999999999
1401,2023-05-09 00:50:11,1.6858300000000002,1.6862300000000001
1402,2023-05-09 00:50:15,1.68581,1.68621
1403,2023-05-09 00:50:17,1.68582,1.68622
1404,2023-05-09 00:50:18,1.68579,1.6861899999999999
1405,2023-05-09 00:50:24,1.6857799999999998,1.68618
1406,2023-05-09 00:50:27,1.6858,1.6862
1407,2023-05-09 00:50:33,1.68579,1.6861899999999999
1408,2023-05-09 00:50:35,1.685785,1.686185
1410,2023-05-09 00:50:36,1.68577,1.68617
1411,2023-05-09 00:50:39,1.6857799999999998,1.68618
1412,2023-05-09 00:50:41,1.685795,1.6861949999999999
1414,2023-05-09 00:50:43,1.6857799999999998,1.68618
1415,2023-05-09 00:50:45,1.68579,1.6861899999999999
1416,2023-05-09 00:50:52,1.6858,1.6862
1417,2023-05-09 00:50:53,1.68582,1.68622
1418,2023-05-09 00:50:54,1.6858,1.6862
1419,2023-05-09 00:50:56,1.68582,1.68622
1420,2023-05-09 00:51:00,1.68582,1.68622
1421,2023-05-09 00:51:01,1.68581,1.68621
1422,2023-05-09 00:51:05,1.6858300000000002,1.6862300000000001
1423,2023-05-09 00:51:11,1.68581,1.68621
1424,2023-05-09 00:51:14,1.6858499999999998,1.68625
1425,2023-05-09 00:51:20,1.68587,1.68627
1426,2023-05-09 00:51:21,1.6858499999999998,1.68625
1427,2023-05-09 00:51:36,1.68588,1.68628
1428,2023-05-09 00:51:40,1.68589,1.68629
1429,2023-05-09 00:51:47,1.685875,1.686275
1431,2023-05-09 00:51:52,1.68591,1.68631
1432,2023-05-09 00:51:55,1.68588,1.68628
1433,2023-05-09 00:52:00,1.68586,1.6862599999999999
1435,2023-05-09 00:52:03,1.68586,1.6862599999999999
1436,2023-05-09 00:52:09,1.68588,1.68628
1437,2023-05-09 00:52:10,1.6859,1.6863000000000001
1438,2023-05-09 00:52:12,1.68587,1.68627
1439,2023-05-09 00:52:13,1.6859,1.6863000000000001
1440,2023-05-09 00:52:19,1.68587,1.68627
1441,2023-05-09 00:52:22,1.68589,1.68629
1442,2023-05-09 00:52:24,1.68586,1.6862599999999999
1443,2023-05-09 00:52:25,1.6858300000000002,1.6862300000000001
1445,2023-05-09 00:52:28,1.68585,1.68625
1447,2023-05-09 00:52:32,1.68587,1.68627
1450,2023-05-09 00:52:33,1.68587,1.68627
1451,2023-05-09 00:52:34,1.68584,1.68624
1452,2023-05-09 00:52:37,1.68582,1.68622
1453,2023-05-09 00:52:41,1.68584,1.68624
1454,2023-05-09 00:52:42,1.68581,1.68621
1455,2023-05-09 00:52:44,1.68581,1.68621
1457,2023-05-09 00:52:51,1.6858499999999998,1.68625
1458,2023-05-09 00:53:00,1.6858499999999998,1.68625
1459,2023-05-09 00:53:01,1.68586,1.6862599999999999
1460,2023-05-09 00:53:06,1.6858300000000002,1.6862300000000001
1461,2023-05-09 00:53:10,1.68582,1.68622
1462,2023-05-09 00:53:11,1.68581,1.68621
1463,2023-05-09 00:53:12,1.6857799999999998,1.68618
1466,2023-05-09 00:53:13,1.68577,1.68617
1467,2023-05-09 00:53:14,1.685765,1.686165
1469,2023-05-09 00:53:18,1.68575,1.68615
1470,2023-05-09 00:53:19,1.6857600000000001,1.68616
1471,2023-05-09 00:53:20,1.68577,1.68617
1472,2023-05-09 00:53:21,1.6857600000000001,1.68616
1473,2023-05-09 00:53:22,1.6857799999999998,1.68618
1474,2023-05-09 00:53:23,1.685775,1.686175
1476,2023-05-09 00:53:24,1.68579,1.6861899999999999
1477,2023-05-09 00:53:28,1.6857799999999998,1.68618
1478,2023-05-09 00:53:34,1.68574,1.68614
1479,2023-05-09 00:53:35,1.68575,1.68615
1480,2023-05-09 00:53:43,1.68577,1.68617
1481,2023-05-09 00:53:45,1.6857600000000001,1.68616
1482,2023-05-09 00:53:46,1.6857799999999998,1.68618
1483,2023-05-09 00:53:50,1.68575,1.68615
1484,2023-05-09 00:53:54,1.68574,1.68614
1485,2023-05-09 00:53:58,1.6857199999999999,1.6861199999999998
1486,2023-05-09 00:54:00,1.6856849999999999,1.686085
1488,2023-05-09 00:54:02,1.6856900000000001,1.68609
1489,2023-05-09 00:54:10,1.68571,1.68611
1490,2023-05-09 00:54:14,1.6857,1.6861000000000002
1491,2023-05-09 00:54:17,1.6857199999999999,1.6861199999999998
1493,2023-05-09 00:54:18,1.68575,1.68615
1494,2023-05-09 00:54:19,1.68577,1.68617
1495,2023-05-09 00:54:22,1.6857600000000001,1.68616
1496,2023-05-09 00:54:24,1.68575,1.68615
1497,2023-05-09 00:54:26,1.68573,1.68613
1498,2023-05-09 00:54:27,1.68571,1.68611
1499,2023-05-09 00:54:29,1.6857199999999999,1.6861199999999998
1502,2023-05-09 00:54:32,1.68571,1.68611
1503,2023-05-09 00:54:34,1.6856900000000001,1.68609
1504,2023-05-09 00:54:36,1.6857,1.6861000000000002
1505,2023-05-09 00:54:40,1.68568,1.68608
1506,2023-05-09 00:54:44,1.68566,1.68606
1508,2023-05-09 00:54:47,1.68566,1.68606
1510,2023-05-09 00:54:49,1.68566,1.68606
1511,2023-05-09 00:54:52,1.6856399999999998,1.6860400000000002
1513,2023-05-09 00:54:53,1.6856200000000001,1.68602
1514,2023-05-09 00:54:57,1.6856499999999999,1.68605
1515,2023-05-09 00:54:59,1.685635,1.686035
1517,2023-05-09 00:55:00,1.68568,1.68608
1520,2023-05-09 00:55:01,1.6857,1.6861000000000002
1521,2023-05-09 00:55:02,1.685675,1.686075
1523,2023-05-09 00:55:03,1.6857199999999999,1.6861199999999998
1526,2023-05-09 00:55:05,1.68574,1.68614
1528,2023-05-09 00:55:10,1.68574,1.68614
1529,2023-05-09 00:55:11,1.6857600000000001,1.68616
1530,2023-05-09 00:55:12,1.68575,1.68615
1531,2023-05-09 00:55:19,1.68577,1.6861700000000002
1533,2023-05-09 00:55:27,1.68579,1.6861899999999999
1534,2023-05-09 00:55:30,1.685765,1.686165
1536,2023-05-09 00:55:33,1.68577,1.6861700000000002
1538,2023-05-09 00:55:39,1.6858300000000002,1.6862300000000001
1539,2023-05-09 00:55:40,1.6858,1.6862
1540,2023-05-09 00:55:41,1.68582,1.68622
1541,2023-05-09 00:55:42,1.68581,1.68621
1542,2023-05-09 00:55:44,1.68584,1.68624
1543,2023-05-09 00:55:48,1.68586,1.6862599999999999
1544,2023-05-09 00:55:58,1.68587,1.68627
1545,2023-05-09 00:56:00,1.68588,1.68628
1547,2023-05-09 00:56:01,1.68586,1.6862599999999999
1548,2023-05-09 00:56:02,1.68584,1.68624
1549,2023-05-09 00:56:04,1.6859199999999999,1.68632
1550,2023-05-09 00:56:05,1.68595,1.68635
1551,2023-05-09 00:56:10,1.68597,1.6863700000000001
1552,2023-05-09 00:56:11,1.68598,1.68638
1554,2023-05-09 00:56:12,1.68598,1.68638
1555,2023-05-09 00:56:13,1.6859899999999999,1.6863899999999998
1557,2023-05-09 00:56:15,1.68595,1.68635
1558,2023-05-09 00:56:16,1.68605,1.68645
1561,2023-05-09 00:56:18,1.68618,1.68658
1564,2023-05-09 00:56:19,1.6862599999999999,1.68666
1565,2023-05-09 00:56:26,1.68617,1.6865700000000001
1568,2023-05-09 00:56:27,1.686145,1.686545
1570,2023-05-09 00:56:28,1.686175,1.686575
1572,2023-05-09 00:56:30,1.68616,1.68656
1573,2023-05-09 00:56:31,1.686145,1.686545
1575,2023-05-09 00:56:32,1.68616,1.68656
1576,2023-05-09 00:56:33,1.686115,1.686515
1578,2023-05-09 00:56:34,1.68609,1.68649
1579,2023-05-09 00:56:37,1.68608,1.68648
1580,2023-05-09 00:56:41,1.68609,1.68649
1581,2023-05-09 00:56:43,1.68611,1.68651
1584,2023-05-09 00:56:44,1.68613,1.6865299999999999
1585,2023-05-09 00:56:45,1.68614,1.68654
1586,2023-05-09 00:56:47,1.686115,1.686515
1588,2023-05-09 00:56:50,1.68608,1.68648
1589,2023-05-09 00:56:51,1.68609,1.68649
1590,2023-05-09 00:57:01,1.68609,1.68649
1591,2023-05-09 00:57:03,1.686095,1.6864949999999999
1593,2023-05-09 00:57:04,1.6861000000000002,1.6865
1594,2023-05-09 00:57:14,1.68613,1.6865299999999999
1595,2023-05-09 00:57:20,1.6861199999999998,1.68652
1596,2023-05-09 00:57:24,1.68613,1.6865299999999999
1597,2023-05-09 00:57:25,1.68611,1.68651
1598,2023-05-09 00:57:27,1.68609,1.68649
1599,2023-05-09 00:57:35,1.686075,1.686475
1601,2023-05-09 00:57:40,1.68611,1.68651
1602,2023-05-09 00:57:47,1.68615,1.68655
1604,2023-05-09 00:58:00,1.68615,1.68655
1606,2023-05-09 00:58:08,1.68615,1.68655
1607,2023-05-09 00:58:10,1.68614,1.68654
1609,2023-05-09 00:58:11,1.6861899999999999,1.68659
1612,2023-05-09 00:58:18,1.68618,1.68658
1613,2023-05-09 00:58:20,1.68616,1.68656
1614,2023-05-09 00:58:21,1.68616,1.68656
1616,2023-05-09 00:58:23,1.6861899999999999,1.68659
1617,2023-05-09 00:58:26,1.686185,1.686585
1619,2023-05-09 00:58:36,1.6862,1.6865999999999999
1620,2023-05-09 00:58:37,1.6861899999999999,1.68659
1621,2023-05-09 00:58:38,1.686205,1.686605
1623,2023-05-09 00:58:42,1.68622,1.68662
1626,2023-05-09 00:58:43,1.6862,1.6865999999999999
1629,2023-05-09 00:58:46,1.68616,1.68656
1630,2023-05-09 00:58:48,1.6861899999999999,1.68659
1631,2023-05-09 00:58:49,1.68618,1.68658
1632,2023-05-09 00:58:50,1.6862,1.6865999999999999
1633,2023-05-09 00:58:52,1.68621,1.68661
1634,2023-05-09 00:58:55,1.68624,1.6866400000000001
1635,2023-05-09 00:58:59,1.6862599999999999,1.68666
1636,2023-05-09 00:59:00,1.6862599999999999,1.68666
1637,2023-05-09 00:59:04,1.68627,1.68667
1638,2023-05-09 00:59:06,1.6862599999999999,1.68666
1640,2023-05-09 00:59:07,1.6862599999999999,1.68666
1641,2023-05-09 00:59:13,1.68624,1.6866400000000001
1642,2023-05-09 00:59:21,1.68621,1.68661
1643,2023-05-09 00:59:22,1.686255,1.686655
1645,2023-05-09 00:59:26,1.6862400000000002,1.6866400000000001
1647,2023-05-09 00:59:27,1.68622,1.68662
1648,2023-05-09 00:59:29,1.6862599999999999,1.68666
1649,2023-05-09 00:59:32,1.6862300000000001,1.68663
1650,2023-05-09 00:59:33,1.68625,1.68665
1651,2023-05-09 00:59:34,1.68621,1.68661
1652,2023-05-09 00:59:37,1.68616,1.68656
1654,2023-05-09 00:59:38,1.68614,1.68654
1656,2023-05-09 00:59:45,1.68615,1.68655
1657,2023-05-09 00:59:50,1.68613,1.6865299999999999
1658,2023-05-09 00:59:57,1.68615,1.68655
1659,2023-05-09 01:00:00,1.68615,1.68655
1660,2023-05-09 01:00:07,1.68613,1.6865299999999999
1661,2023-05-09 01:00:08,1.686105,1.686505
1663,2023-05-09 01:00:09,1.6861199999999998,1.68652
1664,2023-05-09 01:00:11,1.6861000000000002,1.6865
1665,2023-05-09 01:00:16,1.6861199999999998,1.68652
1666,2023-05-09 01:00:17,1.686135,1.686535
1668,2023-05-09 01:00:18,1.68616,1.68656
1669,2023-05-09 01:00:21,1.6861899999999999,1.68659
1670,2023-05-09 01:00:23,1.6862300000000001,1.68663
1671,2023-05-09 01:00:28,1.6862,1.6865999999999999
1672,2023-05-09 01:00:31,1.6862300000000001,1.68663
1673,2023-05-09 01:00:36,1.68625,1.68665
1674,2023-05-09 01:00:42,1.68627,1.68667
1675,2023-05-09 01:00:44,1.68628,1.68668
1676,2023-05-09 01:00:46,1.6862599999999999,1.68666
1677,2023-05-09 01:00:53,1.68624,1.6866400000000001
1678,2023-05-09 01:00:55,1.68622,1.68662
1679,2023-05-09 01:00:57,1.6862,1.6865999999999999
1680,2023-05-09 01:01:00,1.6861949999999999,1.686595
1682,2023-05-09 01:01:01,1.68617,1.6865700000000001
1683,2023-05-09 01:01:02,1.68615,1.68655
1684,2023-05-09 01:01:04,1.686125,1.686525
1686,2023-05-09 01:01:05,1.68608,1.68648
1687,2023-05-09 01:01:10,1.686045,1.686445
1689,2023-05-09 01:01:11,1.68602,1.68642
1690,2023-05-09 01:01:13,1.686,1.6864
1691,2023-05-09 01:01:14,1.68601,1.68641
1692,2023-05-09 01:01:18,1.686,1.6864
1696,2023-05-09 01:01:20,1.68602,1.68642
1697,2023-05-09 01:01:21,1.68601,1.68641
1698,2023-05-09 01:01:22,1.6859899999999999,1.6863899999999998
1699,2023-05-09 01:01:23,1.686,1.6864
1700,2023-05-09 01:01:24,1.686,1.6864
1703,2023-05-09 01:01:27,1.6860300000000001,1.68643
1704,2023-05-09 01:01:28,1.68606,1.6864599999999998
1705,2023-05-09 01:01:31,1.686035,1.686435
1707,2023-05-09 01:01:33,1.68601,1.68641
1708,2023-05-09 01:01:35,1.68602,1.68642
1709,2023-05-09 01:01:36,1.686035,1.6864350000000001
1711,2023-05-09 01:01:37,1.68604,1.6864400000000002
1712,2023-05-09 01:01:38,1.6860300000000001,1.68643
1713,2023-05-09 01:01:39,1.68602,1.68642
1714,2023-05-09 01:01:40,1.6860300000000001,1.68643
1715,2023-05-09 01:01:42,1.68602,1.68642
1716,2023-05-09 01:01:44,1.6860300000000001,1.68643
1717,2023-05-09 01:01:45,1.68604,1.6864400000000002
1718,2023-05-09 01:01:47,1.686035,1.6864350000000001
1720,2023-05-09 01:01:49,1.68602,1.68642
1721,2023-05-09 01:01:53,1.6860300000000001,1.68643
1722,2023-05-09 01:01:56,1.686,1.6864
1723,2023-05-09 01:01:58,1.68601,1.68641
1724,2023-05-09 01:01:59,1.68598,1.68638
1725,2023-05-09 01:02:00,1.68601,1.68641
1728,2023-05-09 01:02:01,1.68606,1.6864599999999998
1730,2023-05-09 01:02:02,1.686035,1.686435
1732,2023-05-09 01:02:03,1.68604,1.6864400000000002
1733,2023-05-09 01:02:13,1.68607,1.68647
1734,2023-05-09 01:02:21,1.68606,1.6864599999999998
1735,2023-05-09 01:02:30,1.68608,1.68648
1736,2023-05-09 01:02:37,1.6861199999999998,1.68652
1737,2023-05-09 01:02:40,1.68613,1.6865299999999999
1738,2023-05-09 01:02:44,1.6861199999999998,1.68652
1739,2023-05-09 01:02:45,1.68613,1.6865299999999999
1740,2023-05-09 01:02:47,1.6861249999999999,1.686525
1742,2023-05-09 01:02:49,1.68614,1.68654
1743,2023-05-09 01:02:51,1.68615,1.68655
1744,2023-05-09 01:02:54,1.68614,1.68654
1745,2023-05-09 01:02:55,1.68615,1.68655
1746,2023-05-09 01:02:56,1.68618,1.68658
1747,2023-05-09 01:02:57,1.686205,1.686605
1749,2023-05-09 01:02:58,1.6862,1.6865999999999999
1750,2023-05-09 01:02:59,1.6861899999999999,1.68659
1751,2023-05-09 01:03:00,1.6861899999999999,1.68659
1752,2023-05-09 01:03:01,1.6862,1.6865999999999999
1753,2023-05-09 01:03:02,1.6861899999999999,1.68659
1754,2023-05-09 01:03:03,1.6862,1.6865999999999999
1755,2023-05-09 01:03:06,1.686245,1.686645
1757,2023-05-09 01:03:07,1.68624,1.6866400000000001
1758,2023-05-09 01:03:09,1.68627,1.68667
1759,2023-05-09 01:03:12,1.68625,1.68665
1760,2023-05-09 01:03:14,1.6862599999999999,1.68666
1761,2023-05-09 01:03:15,1.68627,1.68667
1764,2023-05-09 01:03:16,1.68627,1.68667
1765,2023-05-09 01:03:17,1.68625,1.68665
1766,2023-05-09 01:03:18,1.68621,1.68661
1767,2023-05-09 01:03:19,1.6862599999999999,1.68666
1768,2023-05-09 01:03:21,1.686245,1.686645
1770,2023-05-09 01:03:24,1.68625,1.68665
1771,2023-05-09 01:03:26,1.686225,1.686625
1773,2023-05-09 01:03:29,1.6862599999999999,1.68666
1776,2023-05-09 01:03:37,1.68628,1.68668
1777,2023-05-09 01:03:47,1.68627,1.68667
1779,2023-05-09 01:03:48,1.68628,1.68668
1781,2023-05-09 01:03:56,1.68629,1.68669
1783,2023-05-09 01:03:58,1.68627,1.68667
1784,2023-05-09 01:04:00,1.68627,1.68667
1785,2023-05-09 01:04:02,1.686245,1.686645
1787,2023-05-09 01:04:03,1.6862599999999999,1.68666
1788,2023-05-09 01:04:04,1.68624,1.6866400000000001
1789,2023-05-09 01:04:09,1.68625,1.68665
1790,2023-05-09 01:04:11,1.68624,1.6866400000000001
1791,2023-05-09 01:04:13,1.68625,1.68665
1792,2023-05-09 01:04:14,1.68624,1.6866400000000001
1793,2023-05-09 01:04:18,1.68618,1.68658
1794,2023-05-09 01:04:19,1.68621,1.68661
1795,2023-05-09 01:04:38,1.68624,1.6866400000000001
1798,2023-05-09 01:04:39,1.6863000000000001,1.6867
1799,2023-05-09 01:04:41,1.68627,1.68667
1800,2023-05-09 01:04:42,1.68625,1.68665
1801,2023-05-09 01:04:46,1.6862300000000001,1.68663
1803,2023-05-09 01:04:47,1.6861700000000002,1.6865700000000001
1805,2023-05-09 01:04:49,1.68617,1.6865700000000001
1806,2023-05-09 01:04:50,1.68615,1.68655
1807,2023-05-09 01:04:52,1.68616,1.68656
1809,2023-05-09 01:04:53,1.68613,1.6865299999999999
1810,2023-05-09 01:05:00,1.68613,1.6865299999999999
1811,2023-05-09 01:05:02,1.686135,1.686535
1813,2023-05-09 01:05:05,1.6861199999999998,1.68652
1814,2023-05-09 01:05:07,1.68613,1.6865299999999999
1815,2023-05-09 01:05:08,1.68614,1.68654
1817,2023-05-09 01:05:10,1.68614,1.68654
1818,2023-05-09 01:05:15,1.6861000000000002,1.6865
1819,2023-05-09 01:05:19,1.68611,1.68651
1822,2023-05-09 01:05:20,1.6861199999999998,1.6865199999999998
1824,2023-05-09 01:05:23,1.68611,1.68651
1825,2023-05-09 01:05:30,1.68611,1.6865100000000002
1827,2023-05-09 01:05:31,1.68609,1.68649
1828,2023-05-09 01:05:36,1.6861199999999998,1.68652
1829,2023-05-09 01:05:38,1.6861000000000002,1.6865
1830,2023-05-09 01:05:43,1.6861199999999998,1.68652
1831,2023-05-09 01:05:48,1.68611,1.68651
1832,2023-05-09 01:05:51,1.6861199999999998,1.68652
1833,2023-05-09 01:05:52,1.68611,1.68651
1834,2023-05-09 01:05:53,1.68611,1.6865100000000002
1836,2023-05-09 01:05:54,1.68609,1.68649
1837,2023-05-09 01:05:55,1.6861000000000002,1.6865
1838,2023-05-09 01:05:58,1.686085,1.686485
1840,2023-05-09 01:05:59,1.6861000000000002,1.6865
1842,2023-05-09 01:06:00,1.6861000000000002,1.6865
1843,2023-05-09 01:06:01,1.686105,1.686505
1845,2023-05-09 01:06:02,1.68608,1.68648
1846,2023-05-09 01:06:03,1.68609,1.68649
1847,2023-05-09 01:06:04,1.68607,1.68647
1848,2023-05-09 01:06:11,1.68606,1.6864599999999998
1849,2023-05-09 01:06:22,1.68607,1.68647
1850,2023-05-09 01:06:24,1.68608,1.68648
1851,2023-05-09 01:06:25,1.68609,1.68649
1852,2023-05-09 01:06:29,1.6861000000000002,1.6865
1853,2023-05-09 01:06:30,1.6861199999999998,1.68652
1854,2023-05-09 01:06:31,1.68608,1.68648
1857,2023-05-09 01:06:33,1.68611,1.68651
1858,2023-05-09 01:06:35,1.6861199999999998,1.68652
1859,2023-05-09 01:06:36,1.68614,1.68654
1860,2023-05-09 01:06:37,1.6861249999999999,1.686525
1862,2023-05-09 01:06:38,1.6861199999999998,1.68652
1863,2023-05-09 01:06:39,1.68613,1.6865299999999999
1864,2023-05-09 01:06:40,1.68615,1.68655
1865,2023-05-09 01:06:46,1.68613,1.6865299999999999
1866,2023-05-09 01:06:51,1.6861199999999998,1.68652
1867,2023-05-09 01:06:52,1.68613,1.6865299999999999
1870,2023-05-09 01:06:53,1.68614,1.68654
1871,2023-05-09 01:07:00,1.6861199999999998,1.68652
1872,2023-05-09 01:07:01,1.68615,1.68655
1873,2023-05-09 01:07:02,1.68616,1.68656
1874,2023-05-09 01:07:06,1.68615,1.68655
1875,2023-05-09 01:07:07,1.68618,1.68658
1876,2023-05-09 01:07:14,1.686135,1.6865350000000001
1878,2023-05-09 01:07:17,1.686165,1.6865649999999999
1880,2023-05-09 01:07:19,1.68618,1.68658
1881,2023-05-09 01:07:25,1.6861899999999999,1.68659
1882,2023-05-09 01:07:26,1.68618,1.68658
1883,2023-05-09 01:07:27,1.6861899999999999,1.68659
1886,2023-05-09 01:07:28,1.68622,1.68662
1887,2023-05-09 01:07:33,1.6862,1.6865999999999999
1888,2023-05-09 01:07:36,1.68618,1.68658
1889,2023-05-09 01:07:44,1.68617,1.6865700000000001
1890,2023-05-09 01:07:47,1.68618,1.68658
1891,2023-05-09 01:07:48,1.68617,1.6865700000000001
1892,2023-05-09 01:07:52,1.68618,1.68658
1893,2023-05-09 01:08:00,1.68618,1.68658
1894,2023-05-09 01:08:01,1.68615,1.68655
1895,2023-05-09 01:08:02,1.686185,1.686585
1897,2023-05-09 01:08:06,1.6862,1.6865999999999999
1898,2023-05-09 01:08:07,1.6862300000000001,1.68663
1899,2023-05-09 01:08:11,1.68622,1.68662
1900,2023-05-09 01:08:14,1.6861899999999999,1.68659
1901,2023-05-09 01:08:16,1.68622,1.68662
1902,2023-05-09 01:08:17,1.686215,1.686615
1904,2023-05-09 01:08:20,1.68624,1.6866400000000001
1905,2023-05-09 01:08:21,1.68625,1.68665
1906,2023-05-09 01:08:27,1.68622,1.68662
1907,2023-05-09 01:08:28,1.686255,1.686655
1909,2023-05-09 01:08:31,1.68628,1.68668
1910,2023-05-09 01:08:32,1.6862599999999999,1.68666
1911,2023-05-09 01:08:33,1.68625,1.68665
1912,2023-05-09 01:08:38,1.6862300000000001,1.68663
1913,2023-05-09 01:08:42,1.68625,1.68665
1914,2023-05-09 01:08:43,1.68627,1.68667
1915,2023-05-09 01:08:44,1.6862400000000002,1.6866400000000001
1917,2023-05-09 01:08:47,1.68622,1.68662
1918,2023-05-09 01:08:51,1.6862300000000001,1.68663
1919,2023-05-09 01:08:56,1.68622,1.68662
1920,2023-05-09 01:08:58,1.68625,1.68665
1923,2023-05-09 01:09:00,1.68625,1.68665
1924,2023-05-09 01:09:04,1.68624,1.6866400000000001
1925,2023-05-09 01:09:05,1.6862300000000001,1.68663
1926,2023-05-09 01:09:06,1.68625,1.68665
1927,2023-05-09 01:09:09,1.6861899999999999,1.68659
1928,2023-05-09 01:09:10,1.68625,1.68665
1931,2023-05-09 01:09:12,1.68627,1.68667
1932,2023-05-09 01:09:16,1.68625,1.68665
1933,2023-05-09 01:09:21,1.6862599999999999,1.68666
1934,2023-05-09 01:09:22,1.68624,1.6866400000000001
1935,2023-05-09 01:09:24,1.68622,1.68662
1936,2023-05-09 01:09:25,1.68621,1.68661
1937,2023-05-09 01:09:31,1.6861899999999999,1.68659
1938,2023-05-09 01:09:33,1.68617,1.6865700000000001
1939,2023-05-09 01:09:41,1.68616,1.68656
1940,2023-05-09 01:09:44,1.68613,1.6865299999999999
1941,2023-05-09 01:09:58,1.686155,1.686555
1943,2023-05-09 01:09:59,1.68618,1.68658
1944,2023-05-09 01:10:00,1.686185,1.686585
1946,2023-05-09 01:10:02,1.68622,1.68662
1947,2023-05-09 01:10:11,1.6861949999999999,1.686595
1949,2023-05-09 01:10:19,1.686245,1.686645
1951,2023-05-09 01:10:20,1.686245,1.686645
1953,2023-05-09 01:10:21,1.6862300000000001,1.68663
1954,2023-05-09 01:10:22,1.68625,1.68665
1955,2023-05-09 01:10:23,1.686265,1.686665
1957,2023-05-09 01:10:24,1.68628,1.68668
1958,2023-05-09 01:10:25,1.68625,1.68665
1959,2023-05-09 01:10:27,1.68622,1.68662
1960,2023-05-09 01:10:29,1.6862300000000001,1.68663
1961,2023-05-09 01:10:30,1.68625,1.68665
1962,2023-05-09 01:10:34,1.686195,1.686595
1964,2023-05-09 01:10:36,1.6861949999999999,1.686595
1966,2023-05-09 01:10:39,1.6861949999999999,1.686595
1968,2023-05-09 01:10:40,1.6862,1.6865999999999999
1971,2023-05-09 01:10:45,1.68624,1.6866400000000001
1972,2023-05-09 01:10:46,1.68622,1.68662
1973,2023-05-09 01:10:50,1.6862300000000001,1.68663
1974,2023-05-09 01:10:52,1.68625,1.68665
1975,2023-05-09 01:10:54,1.68624,1.6866400000000001
1976,2023-05-09 01:10:55,1.686245,1.686645
1978,2023-05-09 01:11:00,1.68624,1.6866400000000001
1979,2023-05-09 01:11:01,1.68625,1.68665
1980,2023-05-09 01:11:08,1.686275,1.686675
1982,2023-05-09 01:11:09,1.6863000000000001,1.6867
1983,2023-05-09 01:11:10,1.68627,1.68667
1986,2023-05-09 01:11:11,1.68628,1.68668
1987,2023-05-09 01:11:17,1.686245,1.686645
1989,2023-05-09 01:11:20,1.68624,1.6866400000000001
1990,2023-05-09 01:11:21,1.68628,1.68668
1991,2023-05-09 01:11:22,1.68627,1.68667
1992,2023-05-09 01:11:23,1.6862599999999999,1.68666
1993,2023-05-09 01:11:26,1.68625,1.68665
1994,2023-05-09 01:11:42,1.68628,1.68668
1995,2023-05-09 01:11:47,1.6863000000000001,1.6867
1996,2023-05-09 01:11:48,1.68627,1.68667
1997,2023-05-09 01:11:49,1.6863000000000001,1.6867
1998,2023-05-09 01:11:50,1.68629,1.68669
1999,2023-05-09 01:11:51,1.6863000000000001,1.6867
2000,2023-05-09 01:12:01,1.68629,1.68669
2001,2023-05-09 01:12:02,1.686275,1.686675
2003,2023-05-09 01:12:05,1.68627,1.68667
2004,2023-05-09 01:12:06,1.6862599999999999,1.68666
2005,2023-05-09 01:12:11,1.6862300000000001,1.68663
2007,2023-05-09 01:12:12,1.68624,1.6866400000000001
2008,2023-05-09 01:12:13,1.6862300000000001,1.68663
2009,2023-05-09 01:12:14,1.68625,1.68665
2010,2023-05-09 01:12:16,1.6862599999999999,1.68666
2011,2023-05-09 01:12:17,1.68627,1.68667
2012,2023-05-09 01:12:18,1.6862599999999999,1.68666
2013,2023-05-09 01:12:21,1.68624,1.6866400000000001
2014,2023-05-09 01:12:23,1.68625,1.68665
2015,2023-05-09 01:12:24,1.68628,1.68668
2016,2023-05-09 01:12:27,1.6862599999999999,1.68666
2017,2023-05-09 01:12:30,1.68627,1.68667
2018,2023-05-09 01:12:34,1.68625,1.68665
2019,2023-05-09 01:12:36,1.6862599999999999,1.68666
2020,2023-05-09 01:12:43,1.68624,1.6866400000000001
2021,2023-05-09 01:12:44,1.6862599999999999,1.6866599999999998
2023,2023-05-09 01:12:45,1.6862599999999999,1.68666
2024,2023-05-09 01:12:46,1.68625,1.68665
2025,2023-05-09 01:12:48,1.6862599999999999,1.68666
2026,2023-05-09 01:12:53,1.68625,1.68665
2027,2023-05-09 01:12:59,1.6862599999999999,1.68666
2028,2023-05-09 01:13:00,1.6862599999999999,1.68666
2029,2023-05-09 01:13:12,1.686295,1.686695
2031,2023-05-09 01:13:14,1.68627,1.68667
2032,2023-05-09 01:13:15,1.6862599999999999,1.68666
2033,2023-05-09 01:13:18,1.68624,1.6866400000000001
2034,2023-05-09 01:13:21,1.68625,1.68665
2035,2023-05-09 01:13:22,1.686285,1.686685
2037,2023-05-09 01:13:26,1.68629,1.68669
2038,2023-05-09 01:13:28,1.68628,1.68668
2039,2023-05-09 01:13:31,1.686245,1.686645
2041,2023-05-09 01:13:32,1.6862599999999999,1.68666
2042,2023-05-09 01:13:33,1.686265,1.686665
2044,2023-05-09 01:13:36,1.68627,1.68667
2045,2023-05-09 01:13:37,1.686295,1.686695
2047,2023-05-09 01:13:38,1.68628,1.68668
2048,2023-05-09 01:13:39,1.68629,1.68669
2049,2023-05-09 01:13:41,1.68628,1.68668
2050,2023-05-09 01:13:43,1.6863000000000001,1.6867
2051,2023-05-09 01:13:52,1.68628,1.68668
2052,2023-05-09 01:13:56,1.68627,1.68667
2053,2023-05-09 01:14:00,1.68627,1.68667
2054,2023-05-09 01:14:05,1.6862499999999998,1.6866500000000002
2056,2023-05-09 01:14:06,1.68628,1.68668
2057,2023-05-09 01:14:10,1.686275,1.686675
2059,2023-05-09 01:14:12,1.68629,1.68669
2060,2023-05-09 01:14:13,1.6863100000000002,1.6867100000000002
2062,2023-05-09 01:14:14,1.68629,1.68669
2064,2023-05-09 01:14:16,1.6863000000000001,1.6867
2065,2023-05-09 01:14:21,1.68629,1.68669
2066,2023-05-09 01:14:23,1.68627,1.68667
2067,2023-05-09 01:14:25,1.68628,1.68668
2069,2023-05-09 01:14:26,1.68629,1.68669
2070,2023-05-09 01:14:29,1.68631,1.6867100000000002
2071,2023-05-09 01:14:34,1.68634,1.68674
2072,2023-05-09 01:14:41,1.68632,1.68672
2073,2023-05-09 01:14:44,1.6863000000000001,1.6867
2074,2023-05-09 01:14:45,1.68632,1.68672
2077,2023-05-09 01:14:48,1.68631,1.6867100000000002
2078,2023-05-09 01:14:53,1.6863000000000001,1.6867
2079,2023-05-09 01:14:55,1.68632,1.68672
2082,2023-05-09 01:14:56,1.6863299999999999,1.6867299999999998
2084,2023-05-09 01:14:59,1.6863000000000001,1.6867
2085,2023-05-09 01:15:00,1.6863000000000001,1.6867
2088,2023-05-09 01:15:01,1.68625,1.68665
2089,2023-05-09 01:15:02,1.686225,1.686625
2091,2023-05-09 01:15:03,1.68624,1.6866400000000001
2092,2023-05-09 01:15:04,1.6862599999999999,1.68666
2093,2023-05-09 01:15:05,1.686265,1.686665
2095,2023-05-09 01:15:06,1.6863000000000001,1.6867
2096,2023-05-09 01:15:12,1.6863299999999999,1.6867299999999998
2097,2023-05-09 01:15:13,1.68625,1.68665
2098,2023-05-09 01:15:14,1.68627,1.68667
2099,2023-05-09 01:15:15,1.68629,1.68669
2100,2023-05-09 01:15:16,1.68631,1.6867100000000002
2103,2023-05-09 01:15:17,1.6863100000000002,1.6867100000000002
2105,2023-05-09 01:15:21,1.686345,1.686745
2107,2023-05-09 01:15:22,1.68631,1.6867100000000002
2108,2023-05-09 01:15:23,1.686325,1.686725
2110,2023-05-09 01:15:30,1.68628,1.68668
2111,2023-05-09 01:15:31,1.68629,1.68669
2112,2023-05-09 01:15:32,1.686305,1.6867050000000001
2114,2023-05-09 01:15:37,1.68631,1.6867100000000002
2117,2023-05-09 01:15:40,1.68628,1.68668
2118,2023-05-09 01:15:41,1.686225,1.686625
2120,2023-05-09 01:15:43,1.686205,1.6866050000000001
2122,2023-05-09 01:15:44,1.6862,1.6865999999999999
2123,2023-05-09 01:15:45,1.6862,1.6865999999999999
2125,2023-05-09 01:15:47,1.68621,1.68661
2127,2023-05-09 01:15:48,1.686205,1.686605
2129,2023-05-09 01:15:49,1.68627,1.68667
2130,2023-05-09 01:15:51,1.686255,1.686655
2132,2023-05-09 01:15:53,1.68627,1.68667
2133,2023-05-09 01:15:55,1.68625,1.68665
2134,2023-05-09 01:15:56,1.68622,1.68662
2135,2023-05-09 01:15:57,1.686245,1.686645
2137,2023-05-09 01:15:59,1.68624,1.6866400000000001
2139,2023-05-09 01:16:00,1.6862300000000001,1.68663
2140,2023-05-09 01:16:01,1.6862300000000001,1.68663
2143,2023-05-09 01:16:02,1.68621,1.68661
2144,2023-05-09 01:16:03,1.686255,1.686655
2146,2023-05-09 01:16:05,1.68628,1.68668
2147,2023-05-09 01:16:08,1.686275,1.6866750000000001
2149,2023-05-09 01:16:11,1.68622,1.68662
2150,2023-05-09 01:16:17,1.686225,1.686625
2152,2023-05-09 01:16:20,1.6862,1.6865999999999999
2153,2023-05-09 01:16:26,1.6861899999999999,1.68659
2154,2023-05-09 01:16:27,1.68617,1.6865700000000001
2155,2023-05-09 01:16:29,1.68618,1.68658
2156,2023-05-09 01:16:32,1.6861899999999999,1.68659
2157,2023-05-09 01:16:41,1.6862,1.6865999999999999
2158,2023-05-09 01:16:43,1.68617,1.6865700000000001
2160,2023-05-09 01:16:44,1.68614,1.68654
2161,2023-05-09 01:16:46,1.68613,1.6865299999999999
2162,2023-05-09 01:16:47,1.68614,1.68654
2163,2023-05-09 01:16:48,1.68613,1.6865299999999999
2164,2023-05-09 01:16:51,1.68617,1.6865700000000001
2165,2023-05-09 01:16:54,1.6861899999999999,1.68659
2166,2023-05-09 01:16:57,1.68615,1.68655
2167,2023-05-09 01:16:58,1.68614,1.68654
2168,2023-05-09 01:16:59,1.686155,1.686555
2170,2023-05-09 01:17:00,1.68616,1.68656
2171,2023-05-09 01:17:01,1.68617,1.6865700000000001
2172,2023-05-09 01:17:02,1.68616,1.68656
2173,2023-05-09 01:17:05,1.68615,1.68655
2174,2023-05-09 01:17:07,1.68616,1.68656
2175,2023-05-09 01:17:08,1.68615,1.68655
2176,2023-05-09 01:17:10,1.686145,1.686545
2178,2023-05-09 01:17:11,1.68614,1.68654
2179,2023-05-09 01:17:14,1.686115,1.686515
2181,2023-05-09 01:17:16,1.6861000000000002,1.6865
2182,2023-05-09 01:17:17,1.6861199999999998,1.68652
2183,2023-05-09 01:17:18,1.68613,1.6865299999999999
2184,2023-05-09 01:17:21,1.6861199999999998,1.68652
2185,2023-05-09 01:17:33,1.68611,1.68651
2186,2023-05-09 01:17:35,1.6861199999999998,1.68652
2187,2023-05-09 01:17:37,1.68613,1.6865299999999999
2188,2023-05-09 01:17:46,1.6861199999999998,1.68652
2189,2023-05-09 01:17:48,1.68613,1.6865299999999999
2190,2023-05-09 01:17:51,1.6861199999999998,1.68652
2191,2023-05-09 01:17:57,1.68614,1.68654
2192,2023-05-09 01:17:58,1.6861249999999999,1.686525
2194,2023-05-09 01:18:00,1.6861199999999998,1.68652
2195,2023-05-09 01:18:02,1.68613,1.6865299999999999
2196,2023-05-09 01:18:03,1.6861199999999998,1.68652
2197,2023-05-09 01:18:05,1.6861249999999999,1.686525
2199,2023-05-09 01:18:06,1.68611,1.68651
2200,2023-05-09 01:18:07,1.6861199999999998,1.68652
2201,2023-05-09 01:18:09,1.68614,1.68654
2202,2023-05-09 01:18:10,1.68613,1.6865299999999999
2203,2023-05-09 01:18:19,1.6861199999999998,1.68652
2204,2023-05-09 01:18:21,1.68611,1.68651
2205,2023-05-09 01:18:22,1.6861249999999999,1.686525
2207,2023-05-09 01:18:40,1.686195,1.686595
2209,2023-05-09 01:18:46,1.6862,1.6865999999999999
2210,2023-05-09 01:18:47,1.68621,1.68661
2211,2023-05-09 01:18:48,1.68621,1.68661
2213,2023-05-09 01:18:57,1.68625,1.68665
2214,2023-05-09 01:19:00,1.68625,1.68665
2215,2023-05-09 01:19:09,1.68627,1.68667
2216,2023-05-09 01:19:10,1.68625,1.68665
2217,2023-05-09 01:19:17,1.686255,1.686655
2219,2023-05-09 01:19:18,1.686255,1.686655
2221,2023-05-09 01:19:20,1.68624,1.6866400000000001
2222,2023-05-09 01:19:24,1.68625,1.68665
2223,2023-05-09 01:19:25,1.68624,1.6866400000000001
2224,2023-05-09 01:19:27,1.68625,1.68665
2225,2023-05-09 01:19:30,1.68627,1.68667
2226,2023-05-09 01:19:37,1.6862599999999999,1.68666
2227,2023-05-09 01:19:38,1.68627,1.68667
2228,2023-05-09 01:19:41,1.68628,1.68668
2229,2023-05-09 01:19:48,1.68628,1.68668
2231,2023-05-09 01:19:49,1.6862300000000001,1.68663
2234,2023-05-09 01:19:51,1.68621,1.68661
2235,2023-05-09 01:19:54,1.6862,1.6865999999999999
2236,2023-05-09 01:19:57,1.68621,1.68661
2237,2023-05-09 01:20:00,1.68621,1.68661
2238,2023-05-09 01:20:01,1.686215,1.686615
2240,2023-05-09 01:20:03,1.6861949999999999,1.686595
2242,2023-05-09 01:20:04,1.6861449999999998,1.6865450000000002
2244,2023-05-09 01:20:06,1.68613,1.6865299999999999
2245,2023-05-09 01:20:11,1.6861199999999998,1.68652
2246,2023-05-09 01:20:13,1.6861000000000002,1.6865
2247,2023-05-09 01:20:14,1.68609,1.68649
2248,2023-05-09 01:20:16,1.68614,1.68654
2249,2023-05-09 01:20:17,1.686105,1.686505
2251,2023-05-09 01:20:18,1.68608,1.68648
2252,2023-05-09 01:20:20,1.68606,1.6864599999999998
2253,2023-05-09 01:20:21,1.686055,1.686455
2255,2023-05-09 01:20:26,1.686055,1.686455
2257,2023-05-09 01:20:27,1.686045,1.686445
2259,2023-05-09 01:20:28,1.68604,1.6864400000000002
2260,2023-05-09 01:20:30,1.68602,1.68642
2261,2023-05-09 01:20:33,1.686015,1.686415
2263,2023-05-09 01:20:34,1.68602,1.68642
2266,2023-05-09 01:20:35,1.68602,1.68642
2267,2023-05-09 01:20:36,1.6860300000000001,1.68643
2268,2023-05-09 01:20:41,1.68606,1.6864599999999998
2269,2023-05-09 01:20:44,1.68607,1.68647
2270,2023-05-09 01:20:45,1.68608,1.68648
2271,2023-05-09 01:20:46,1.68609,1.68649
2272,2023-05-09 01:20:56,1.68616,1.68656
2273,2023-05-09 01:21:00,1.68618,1.68658
2276,2023-05-09 01:21:01,1.6862,1.6865999999999999
2277,2023-05-09 01:21:03,1.6861899999999999,1.68659
2278,2023-05-09 01:21:08,1.68617,1.6865700000000001
2279,2023-05-09 01:21:10,1.68621,1.68661
2280,2023-05-09 01:21:11,1.68618,1.68658
2281,2023-05-09 01:21:15,1.6861700000000002,1.6865700000000001
2283,2023-05-09 01:21:17,1.68616,1.68656
2284,2023-05-09 01:21:18,1.68616,1.68656
2286,2023-05-09 01:21:19,1.68615,1.68655
2287,2023-05-09 01:21:20,1.68616,1.68656
2288,2023-05-09 01:21:23,1.68615,1.68655
2289,2023-05-09 01:21:24,1.686165,1.686565
2291,2023-05-09 01:21:25,1.6862,1.6865999999999999
2292,2023-05-09 01:21:26,1.68621,1.68661
2293,2023-05-09 01:21:33,1.68622,1.68662
2294,2023-05-09 01:21:34,1.6862300000000001,1.68663
2295,2023-05-09 01:21:36,1.68624,1.6866400000000001
2296,2023-05-09 01:21:43,1.6862300000000001,1.68663
2297,2023-05-09 01:21:45,1.68622,1.68662
2298,2023-05-09 01:21:51,1.686205,1.686605
2300,2023-05-09 01:21:53,1.68622,1.68662
2301,2023-05-09 01:21:58,1.68621,1.68661
2302,2023-05-09 01:21:59,1.68622,1.68662
2303,2023-05-09 01:22:00,1.686205,1.686605
2305,2023-05-09 01:22:02,1.68621,1.68661
2306,2023-05-09 01:22:04,1.6862300000000001,1.68663
2309,2023-05-09 01:22:11,1.6862650000000001,1.686665
2311,2023-05-09 01:22:15,1.6862599999999999,1.68666
2312,2023-05-09 01:22:16,1.68628,1.68668
2314,2023-05-09 01:22:17,1.686245,1.686645
2316,2023-05-09 01:22:20,1.68625,1.68665
2317,2023-05-09 01:22:24,1.68628,1.68668
2318,2023-05-09 01:22:27,1.6863000000000001,1.6867
2319,2023-05-09 01:22:31,1.68632,1.68672
2320,2023-05-09 01:22:40,1.68631,1.6867100000000002
2321,2023-05-09 01:22:44,1.68632,1.68672
2322,2023-05-09 01:22:55,1.6863299999999999,1.6867299999999998
2323,2023-05-09 01:22:58,1.68635,1.68675
2324,2023-05-09 01:23:00,1.68635,1.68675
2325,2023-05-09 01:23:01,1.6863299999999999,1.6867299999999998
2328,2023-05-09 01:23:02,1.6863299999999999,1.6867299999999998
2329,2023-05-09 01:23:06,1.686305,1.6867050000000001
2331,2023-05-09 01:23:12,1.68632,1.68672
2332,2023-05-09 01:23:15,1.68634,1.68674
2333,2023-05-09 01:23:16,1.68635,1.68675
2335,2023-05-09 01:23:27,1.6863299999999999,1.6867299999999998
2336,2023-05-09 01:23:33,1.68632,1.68672
2337,2023-05-09 01:23:36,1.6863299999999999,1.6867299999999998
2338,2023-05-09 01:23:48,1.6863000000000001,1.6867
2339,2023-05-09 01:23:49,1.68632,1.68672
2340,2023-05-09 01:23:50,1.68631,1.6867100000000002
2343,2023-05-09 01:23:51,1.68631,1.6867100000000002
2344,2023-05-09 01:23:52,1.686335,1.6867349999999999
2346,2023-05-09 01:23:56,1.6863000000000001,1.6867
2347,2023-05-09 01:23:57,1.68632,1.68672
2348,2023-05-09 01:24:01,1.68636,1.68676
2349,2023-05-09 01:24:05,1.6863350000000001,1.686735
2351,2023-05-09 01:24:06,1.686315,1.686715
2353,2023-05-09 01:24:07,1.68634,1.68674
2355,2023-05-09 01:24:11,1.68635,1.68675
2356,2023-05-09 01:24:13,1.68636,1.68676
2357,2023-05-09 01:24:23,1.68634,1.68674
2358,2023-05-09 01:24:24,1.68635,1.68675
2359,2023-05-09 01:24:35,1.68636,1.68676
2360,2023-05-09 01:24:36,1.68638,1.68678
2361,2023-05-09 01:24:37,1.6863700000000001,1.68677
2362,2023-05-09 01:24:38,1.68636,1.68676
2363,2023-05-09 01:24:42,1.68634,1.68674
2364,2023-05-09 01:24:43,1.68635,1.68675
2365,2023-05-09 01:24:45,1.68634,1.68674
2366,2023-05-09 01:24:46,1.6863899999999998,1.6867899999999998
2368,2023-05-09 01:24:48,1.68638,1.68678
2370,2023-05-09 01:24:52,1.6863299999999999,1.6867299999999998
2371,2023-05-09 01:24:58,1.6863100000000002,1.6867100000000002
2373,2023-05-09 01:24:59,1.68629,1.68669
2374,2023-05-09 01:25:00,1.68629,1.68669
2375,2023-05-09 01:25:01,1.686285,1.686685
2377,2023-05-09 01:25:06,1.6863000000000001,1.6867
2378,2023-05-09 01:25:08,1.6863350000000001,1.686735
2380,2023-05-09 01:25:09,1.68634,1.68674
2381,2023-05-09 01:25:11,1.68636,1.68676
2382,2023-05-09 01:25:12,1.686355,1.686755
2384,2023-05-09 01:25:13,1.6863299999999999,1.6867299999999998
2385,2023-05-09 01:25:15,1.686385,1.686785
2387,2023-05-09 01:25:16,1.686375,1.686775
2391,2023-05-09 01:25:18,1.6863700000000001,1.68677
2392,2023-05-09 01:25:19,1.686395,1.686795
2394,2023-05-09 01:25:23,1.6863899999999998,1.68679
2395,2023-05-09 01:25:31,1.68641,1.68681
2396,2023-05-09 01:25:34,1.6863899999999998,1.68679
2397,2023-05-09 01:25:36,1.6863700000000001,1.68677
2400,2023-05-09 01:25:37,1.6863700000000001,1.68677
2403,2023-05-09 01:25:39,1.6864,1.6867999999999999
2404,2023-05-09 01:25:48,1.6863899999999998,1.6867899999999998
2406,2023-05-09 01:25:50,1.6864400000000002,1.6868400000000001
2407,2023-05-09 01:25:52,1.6864,1.6867999999999999
2408,2023-05-09 01:25:58,1.68638,1.68678
2409,2023-05-09 01:26:00,1.68638,1.68678
2410,2023-05-09 01:26:01,1.68641,1.68681
2411,2023-05-09 01:26:11,1.6864,1.6867999999999999
2412,2023-05-09 01:26:16,1.68638,1.68678
2413,2023-05-09 01:26:17,1.686345,1.686745
2415,2023-05-09 01:26:18,1.68636,1.68676
2416,2023-05-09 01:26:21,1.68635,1.68675
2417,2023-05-09 01:26:32,1.6863000000000001,1.6867
2418,2023-05-09 01:26:33,1.68635,1.68675
2419,2023-05-09 01:26:36,1.68632,1.68672
2420,2023-05-09 01:26:47,1.68631,1.6867100000000002
2421,2023-05-09 01:26:57,1.6863000000000001,1.6867
2422,2023-05-09 01:27:00,1.6863000000000001,1.6867
2423,2023-05-09 01:27:01,1.68631,1.6867100000000002
2424,2023-05-09 01:27:07,1.68632,1.68672
2425,2023-05-09 01:27:08,1.68629,1.68669
2426,2023-05-09 01:27:09,1.68627,1.68667
2427,2023-05-09 01:27:11,1.6862599999999999,1.68666
2428,2023-05-09 01:27:22,1.68625,1.68665
2429,2023-05-09 01:27:24,1.6862400000000002,1.6866400000000001
2431,2023-05-09 01:27:25,1.68629,1.68669
2432,2023-05-09 01:27:33,1.686235,1.686635
2434,2023-05-09 01:27:34,1.6862,1.6865999999999999
2435,2023-05-09 01:27:35,1.68622,1.68662
2436,2023-05-09 01:27:36,1.6862300000000001,1.68663
2437,2023-05-09 01:27:39,1.68625,1.68665
2438,2023-05-09 01:27:41,1.68627,1.68667
2439,2023-05-09 01:27:42,1.6862599999999999,1.6866599999999998
2441,2023-05-09 01:27:44,1.68625,1.68665
2442,2023-05-09 01:27:47,1.68627,1.68667
2445,2023-05-09 01:27:50,1.68629,1.68669
2446,2023-05-09 01:27:53,1.68625,1.68665
2447,2023-05-09 01:27:54,1.68628,1.68668
2448,2023-05-09 01:28:00,1.68628,1.68668
2449,2023-05-09 01:28:03,1.68625,1.68665
2450,2023-05-09 01:28:05,1.68628,1.68668
2451,2023-05-09 01:28:06,1.6862599999999999,1.68666
2454,2023-05-09 01:28:08,1.68629,1.68669
2455,2023-05-09 01:28:11,1.68627,1.68667
2456,2023-05-09 01:28:13,1.6862400000000002,1.6866400000000001
2458,2023-05-09 01:28:15,1.68624,1.6866400000000001
2459,2023-05-09 01:28:16,1.6862300000000001,1.68663
2460,2023-05-09 01:28:17,1.68621,1.68661
2461,2023-05-09 01:28:19,1.6861949999999999,1.686595
2463,2023-05-09 01:28:25,1.6861199999999998,1.68652
2464,2023-05-09 01:28:26,1.68611,1.68651
2465,2023-05-09 01:28:27,1.68614,1.68654
2467,2023-05-09 01:28:31,1.68614,1.68654
2468,2023-05-09 01:28:33,1.686165,1.686565
2470,2023-05-09 01:28:34,1.68618,1.68658
2471,2023-05-09 01:28:36,1.68617,1.6865700000000001
2472,2023-05-09 01:28:38,1.68616,1.68656
2473,2023-05-09 01:28:40,1.68618,1.68658
2474,2023-05-09 01:28:41,1.686165,1.686565
2476,2023-05-09 01:28:43,1.68615,1.68655
2477,2023-05-09 01:28:45,1.68617,1.6865700000000001
2478,2023-05-09 01:28:46,1.68616,1.68656
2479,2023-05-09 01:28:47,1.68615,1.68655
2480,2023-05-09 01:28:48,1.68614,1.68654
2481,2023-05-09 01:28:51,1.68615,1.68655
2482,2023-05-09 01:28:52,1.68614,1.68654
2483,2023-05-09 01:28:53,1.686155,1.686555
2485,2023-05-09 01:28:54,1.68615,1.68655
2486,2023-05-09 01:28:55,1.68613,1.6865299999999999
2487,2023-05-09 01:29:00,1.68613,1.6865299999999999
2488,2023-05-09 01:29:01,1.6861199999999998,1.68652
2489,2023-05-09 01:29:09,1.68611,1.68651
2490,2023-05-09 01:29:10,1.68608,1.68648
2491,2023-05-09 01:29:11,1.68607,1.68647
2492,2023-05-09 01:29:12,1.68606,1.6864599999999998
2493,2023-05-09 01:29:13,1.68605,1.68645
2494,2023-05-09 01:29:15,1.686065,1.6864649999999999
2496,2023-05-09 01:29:16,1.686085,1.686485
2498,2023-05-09 01:29:19,1.68607,1.68647
2499,2023-05-09 01:29:20,1.68608,1.68648
2500,2023-05-09 01:29:22,1.68609,1.68649
2501,2023-05-09 01:29:23,1.686115,1.686515
2503,2023-05-09 01:29:24,1.68613,1.6865299999999999
2504,2023-05-09 01:29:25,1.6861199999999998,1.68652
2505,2023-05-09 01:29:26,1.68614,1.68654
2506,2023-05-09 01:29:28,1.68615,1.68655
2507,2023-05-09 01:29:31,1.68616,1.68656
2508,2023-05-09 01:29:34,1.68618,1.68658
2509,2023-05-09 01:29:41,1.6861899999999999,1.68659
2510,2023-05-09 01:29:47,1.68616,1.68656
2511,2023-05-09 01:29:51,1.686145,1.686545
2513,2023-05-09 01:29:53,1.68616,1.68656
2514,2023-05-09 01:29:54,1.68615,1.68655
2515,2023-05-09 01:29:55,1.68615,1.68655
2518,2023-05-09 01:29:57,1.68618,1.68658
2519,2023-05-09 01:29:58,1.68617,1.6865700000000001
2520,2023-05-09 01:30:00,1.68613,1.6865299999999999
2521,2023-05-09 01:30:04,1.68615,1.68655
2522,2023-05-09 01:30:05,1.68616,1.68656
2523,2023-05-09 01:30:07,1.686135,1.6865350000000001
2525,2023-05-09 01:30:08,1.686145,1.686545
2527,2023-05-09 01:30:11,1.68614,1.68654
2528,2023-05-09 01:30:12,1.68616,1.68656
2529,2023-05-09 01:30:14,1.68617,1.6865700000000001
2531,2023-05-09 01:30:15,1.6862,1.6865999999999999
2532,2023-05-09 01:30:19,1.68617,1.6865700000000001
2533,2023-05-09 01:30:20,1.68614,1.68654
2534,2023-05-09 01:30:22,1.68618,1.68658
2535,2023-05-09 01:30:23,1.68616,1.68656
2536,2023-05-09 01:30:39,1.68614,1.68654
2537,2023-05-09 01:30:44,1.68616,1.68656
2538,2023-05-09 01:30:47,1.686215,1.686615
2540,2023-05-09 01:30:48,1.6862,1.6865999999999999
2543,2023-05-09 01:30:54,1.6862300000000001,1.68663
2544,2023-05-09 01:30:56,1.6862400000000002,1.6866400000000001
2546,2023-05-09 01:30:58,1.6862,1.6865999999999999
2548,2023-05-09 01:31:00,1.6861899999999999,1.68659
2549,2023-05-09 01:31:01,1.68617,1.6865700000000001
2550,2023-05-09 01:31:02,1.68615,1.68655
2551,2023-05-09 01:31:03,1.6861199999999998,1.68652
2552,2023-05-09 01:31:05,1.68611,1.68651
2553,2023-05-09 01:31:06,1.686175,1.686575
2555,2023-05-09 01:31:09,1.68616,1.68656
2556,2023-05-09 01:31:11,1.686145,1.686545
2558,2023-05-09 01:31:12,1.686155,1.686555
2560,2023-05-09 01:31:13,1.686145,1.686545
2562,2023-05-09 01:31:15,1.68618,1.68658
2563,2023-05-09 01:31:16,1.68614,1.68654
2564,2023-05-09 01:31:20,1.686115,1.686515
2566,2023-05-09 01:31:21,1.6861199999999998,1.68652
2567,2023-05-09 01:31:22,1.68611,1.68651
2568,2023-05-09 01:31:23,1.6861000000000002,1.6865
2569,2023-05-09 01:31:30,1.6860499999999998,1.68645
2571,2023-05-09 01:31:31,1.68605,1.68645
2572,2023-05-09 01:31:32,1.686055,1.686455
2574,2023-05-09 01:31:34,1.68608,1.68648
2575,2023-05-09 01:31:38,1.68607,1.68647
2577,2023-05-09 01:31:40,1.6861000000000002,1.6865
2578,2023-05-09 01:31:41,1.686085,1.686485
2580,2023-05-09 01:31:42,1.68609,1.68649
2581,2023-05-09 01:31:46,1.6861000000000002,1.6865
2582,2023-05-09 01:31:47,1.6861199999999998,1.68652
2583,2023-05-09 01:31:48,1.68611,1.68651
2584,2023-05-09 01:31:50,1.6861199999999998,1.68652
2585,2023-05-09 01:31:54,1.6861549999999998,1.686555
2587,2023-05-09 01:31:56,1.68618,1.68658
2588,2023-05-09 01:31:58,1.68617,1.6865700000000001
2589,2023-05-09 01:32:00,1.6861799999999998,1.6865800000000002
2591,2023-05-09 01:32:01,1.6861700000000002,1.6865700000000001
2593,2023-05-09 01:32:03,1.6862,1.6865999999999999
2594,2023-05-09 01:32:05,1.68621,1.68661
2595,2023-05-09 01:32:08,1.68622,1.68662
2596,2023-05-09 01:32:14,1.6862599999999999,1.68666
2597,2023-05-09 01:32:15,1.686255,1.686655
2599,2023-05-09 01:32:16,1.68627,1.68667
2600,2023-05-09 01:32:17,1.6862599999999999,1.68666
2601,2023-05-09 01:32:20,1.68627,1.68667
2602,2023-05-09 01:32:27,1.6862650000000001,1.686665
2604,2023-05-09 01:32:28,1.6862300000000001,1.68663
2605,2023-05-09 01:32:30,1.6862599999999999,1.68666
2606,2023-05-09 01:32:32,1.68625,1.68665
2607,2023-05-09 01:32:33,1.6862300000000001,1.68663
2609,2023-05-09 01:32:37,1.68625,1.68665
2610,2023-05-09 01:32:38,1.68628,1.68668
2611,2023-05-09 01:32:42,1.68624,1.6866400000000001
2614,2023-05-09 01:32:57,1.68622,1.68662
2615,2023-05-09 01:33:00,1.68622,1.68662
2616,2023-05-09 01:33:01,1.68621,1.68661
2617,2023-05-09 01:33:02,1.68624,1.6866400000000001
2618,2023-05-09 01:33:06,1.6862300000000001,1.68663
2619,2023-05-09 01:33:08,1.68622,1.68662
2620,2023-05-09 01:33:11,1.686215,1.686615
2622,2023-05-09 01:33:12,1.6862,1.6865999999999999
2625,2023-05-09 01:33:16,1.6862,1.6865999999999999
2627,2023-05-09 01:33:17,1.6862,1.6865999999999999
2628,2023-05-09 01:33:18,1.68621,1.68661
2629,2023-05-09 01:33:19,1.686225,1.686625
2631,2023-05-09 01:33:20,1.686205,1.686605
2633,2023-05-09 01:33:21,1.6861799999999998,1.6865800000000002
2637,2023-05-09 01:33:22,1.68615,1.68655
2639,2023-05-09 01:33:23,1.686155,1.686555
2641,2023-05-09 01:33:24,1.68614,1.68654
2644,2023-05-09 01:33:28,1.68616,1.68656
2645,2023-05-09 01:33:30,1.68615,1.68655
2646,2023-05-09 01:33:31,1.686165,1.686565
2648,2023-05-09 01:33:32,1.686165,1.686565
2650,2023-05-09 01:33:33,1.68617,1.6865700000000001
2651,2023-05-09 01:33:34,1.686165,1.686565
2653,2023-05-09 01:33:35,1.68616,1.68656
2654,2023-05-09 01:33:36,1.68617,1.6865700000000001
2655,2023-05-09 01:33:38,1.68616,1.68656
2656,2023-05-09 01:33:39,1.68617,1.6865700000000001
2657,2023-05-09 01:33:40,1.68616,1.68656
2658,2023-05-09 01:33:41,1.68617,1.6865700000000001
2659,2023-05-09 01:33:44,1.686165,1.686565
2661,2023-05-09 01:33:45,1.68616,1.68656
2662,2023-05-09 01:33:46,1.68617,1.6865700000000001
2663,2023-05-09 01:33:48,1.686155,1.686555
2665,2023-05-09 01:33:49,1.68614,1.68654
2666,2023-05-09 01:33:50,1.6861249999999999,1.686525
2668,2023-05-09 01:33:51,1.686155,1.686555
2670,2023-05-09 01:33:54,1.68614,1.68654
2671,2023-05-09 01:33:55,1.686145,1.686545
2673,2023-05-09 01:34:00,1.68614,1.68654
2674,2023-05-09 01:34:01,1.68613,1.6865299999999999
2675,2023-05-09 01:34:02,1.686115,1.686515
2677,2023-05-09 01:34:03,1.68611,1.68651
2678,2023-05-09 01:34:04,1.68613,1.6865299999999999
2681,2023-05-09 01:34:07,1.6861199999999998,1.68652
2682,2023-05-09 01:34:11,1.68614,1.68654
2683,2023-05-09 01:34:13,1.68613,1.6865299999999999
2684,2023-05-09 01:34:14,1.6861199999999998,1.68652
2685,2023-05-09 01:34:15,1.68614,1.68654
2686,2023-05-09 01:34:20,1.6861249999999999,1.686525
2688,2023-05-09 01:34:21,1.686135,1.686535
2690,2023-05-09 01:34:23,1.68613,1.6865299999999999
2691,2023-05-09 01:34:24,1.68608,1.68648
2694,2023-05-09 01:34:25,1.68614,1.68654
2695,2023-05-09 01:34:26,1.68613,1.6865299999999999
2698,2023-05-09 01:34:27,1.686135,1.6865350000000001
2700,2023-05-09 01:34:28,1.68608,1.68648
2702,2023-05-09 01:34:30,1.68608,1.68648
2703,2023-05-09 01:34:31,1.686085,1.686485
2705,2023-05-09 01:34:33,1.6861000000000002,1.6865
2706,2023-05-09 01:34:37,1.68613,1.6865299999999999
2709,2023-05-09 01:34:39,1.68618,1.68658
2710,2023-05-09 01:34:41,1.6862,1.6865999999999999
2713,2023-05-09 01:34:42,1.68618,1.68658
2714,2023-05-09 01:34:45,1.68617,1.6865700000000001
2715,2023-05-09 01:34:47,1.6861899999999999,1.68659
2716,2023-05-09 01:34:49,1.68616,1.68656
2717,2023-05-09 01:34:53,1.686185,1.686585
2719,2023-05-09 01:34:56,1.68622,1.68662
2720,2023-05-09 01:34:57,1.68621,1.68661
2721,2023-05-09 01:35:00,1.686215,1.686615
2723,2023-05-09 01:35:01,1.68621,1.68661
2725,2023-05-09 01:35:03,1.686215,1.686615
2727,2023-05-09 01:35:10,1.68624,1.6866400000000001
2728,2023-05-09 01:35:11,1.686225,1.686625
2730,2023-05-09 01:35:15,1.68622,1.68662
2731,2023-05-09 01:35:18,1.68624,1.6866400000000001
2732,2023-05-09 01:35:19,1.686235,1.6866349999999999
2734,2023-05-09 01:35:20,1.686225,1.686625
2736,2023-05-09 01:35:21,1.6862,1.6865999999999999
2737,2023-05-09 01:35:23,1.68621,1.68661
2738,2023-05-09 01:35:24,1.686205,1.686605
2740,2023-05-09 01:35:25,1.6862300000000001,1.68663
2741,2023-05-09 01:35:26,1.6861899999999999,1.68659
2742,2023-05-09 01:35:28,1.686175,1.686575
2744,2023-05-09 01:35:32,1.6861899999999999,1.68659
2745,2023-05-09 01:35:33,1.68621,1.68661
2746,2023-05-09 01:35:34,1.686255,1.686655
2748,2023-05-09 01:35:35,1.68625,1.68665
2749,2023-05-09 01:35:37,1.68624,1.6866400000000001
2750,2023-05-09 01:35:39,1.6862300000000001,1.68663
2751,2023-05-09 01:35:41,1.686235,1.686635
2753,2023-05-09 01:35:45,1.68624,1.6866400000000001
2754,2023-05-09 01:35:46,1.686215,1.686615
2756,2023-05-09 01:35:49,1.68622,1.68662
2757,2023-05-09 01:35:50,1.686215,1.686615
2759,2023-05-09 01:35:51,1.68621,1.68661
2760,2023-05-09 01:35:53,1.6862300000000001,1.68663
2762,2023-05-09 01:36:00,1.68624,1.6866400000000001
2763,2023-05-09 01:36:03,1.68625,1.68665
2764,2023-05-09 01:36:04,1.686245,1.686645
2766,2023-05-09 01:36:05,1.686245,1.686645
2768,2023-05-09 01:36:11,1.6862300000000001,1.68663
2769,2023-05-09 01:36:12,1.68622,1.68662
2770,2023-05-09 01:36:13,1.68621,1.68661
2771,2023-05-09 01:36:15,1.6862,1.6865999999999999
2772,2023-05-09 01:36:17,1.686205,1.686605
2774,2023-05-09 01:36:22,1.6861899999999999,1.68659
2775,2023-05-09 01:36:23,1.6862,1.6865999999999999
2778,2023-05-09 01:36:26,1.68618,1.68658
2779,2023-05-09 01:36:27,1.68617,1.6865700000000001
2782,2023-05-09 01:36:28,1.68618,1.68658
2783,2023-05-09 01:36:30,1.686175,1.686575
2785,2023-05-09 01:36:31,1.68617,1.6865700000000001
2786,2023-05-09 01:36:32,1.68618,1.68658
2787,2023-05-09 01:36:33,1.68617,1.6865700000000001
2788,2023-05-09 01:36:35,1.68617,1.6865700000000001
2791,2023-05-09 01:36:36,1.686165,1.686565
2795,2023-05-09 01:36:37,1.686145,1.686545
2797,2023-05-09 01:36:38,1.68616,1.68656
2800,2023-05-09 01:36:40,1.6861899999999999,1.6865899999999998
2802,2023-05-09 01:36:41,1.6861949999999999,1.686595
2804,2023-05-09 01:36:42,1.6862,1.6865999999999999
2806,2023-05-09 01:36:43,1.686185,1.686585
2808,2023-05-09 01:36:44,1.68617,1.6865700000000001
2809,2023-05-09 01:36:46,1.68618,1.68658
2812,2023-05-09 01:36:50,1.68618,1.68658
2813,2023-05-09 01:36:52,1.6861899999999999,1.68659
2814,2023-05-09 01:36:53,1.68617,1.6865700000000001
2815,2023-05-09 01:36:54,1.68618,1.68658
2816,2023-05-09 01:37:00,1.68618,1.68658
2817,2023-05-09 01:37:01,1.686165,1.686565
2819,2023-05-09 01:37:02,1.686165,1.686565
2821,2023-05-09 01:37:03,1.68618,1.68658
2822,2023-05-09 01:37:05,1.6861899999999999,1.68659
2823,2023-05-09 01:37:09,1.6862,1.6865999999999999
2824,2023-05-09 01:37:13,1.6862,1.6865999999999999
2827,2023-05-09 01:37:14,1.6861949999999999,1.686595
2829,2023-05-09 01:37:15,1.68621,1.68661
2831,2023-05-09 01:37:21,1.68621,1.68661
2832,2023-05-09 01:37:22,1.686215,1.686615
2834,2023-05-09 01:37:24,1.6862300000000001,1.68663
2835,2023-05-09 01:37:25,1.68621,1.68661
2836,2023-05-09 01:37:26,1.6862,1.6865999999999999
2837,2023-05-09 01:37:28,1.68621,1.68661
2838,2023-05-09 01:37:34,1.6862,1.6865999999999999
2839,2023-05-09 01:37:35,1.68621,1.68661
2840,2023-05-09 01:37:36,1.6861899999999999,1.68659
2841,2023-05-09 01:37:37,1.68621,1.68661
2842,2023-05-09 01:37:40,1.6862,1.6865999999999999
2843,2023-05-09 01:37:41,1.68622,1.68662
2844,2023-05-09 01:37:42,1.6862,1.6865999999999999
2845,2023-05-09 01:37:46,1.68618,1.68658
2846,2023-05-09 01:37:47,1.6862599999999999,1.6866599999999998
2848,2023-05-09 01:37:51,1.6862599999999999,1.68666
2850,2023-05-09 01:37:52,1.68622,1.68662
2851,2023-05-09 01:37:55,1.686215,1.686615
2853,2023-05-09 01:37:58,1.68624,1.6866400000000001
2854,2023-05-09 01:38:00,1.68624,1.6866400000000001
2855,2023-05-09 01:38:01,1.68622,1.68662
2857,2023-05-09 01:38:04,1.68622,1.68662
2858,2023-05-09 01:38:05,1.68627,1.68667
2859,2023-05-09 01:38:07,1.6862599999999999,1.68666
2860,2023-05-09 01:38:08,1.68627,1.68667
2861,2023-05-09 01:38:10,1.68631,1.6867100000000002
2862,2023-05-09 01:38:11,1.68628,1.68668
2865,2023-05-09 01:38:13,1.686235,1.686635
2867,2023-05-09 01:38:15,1.6862599999999999,1.68666
2868,2023-05-09 01:38:17,1.6862300000000001,1.68663
2869,2023-05-09 01:38:20,1.68624,1.6866400000000001
2870,2023-05-09 01:38:21,1.68625,1.68665
2873,2023-05-09 01:38:24,1.686245,1.686645
2875,2023-05-09 01:38:29,1.6862300000000001,1.68663
2876,2023-05-09 01:38:30,1.68622,1.68662
2877,2023-05-09 01:38:32,1.6862,1.6865999999999999
2878,2023-05-09 01:38:38,1.68621,1.68661
2879,2023-05-09 01:38:39,1.6862,1.6865999999999999
2880,2023-05-09 01:38:41,1.68616,1.68656
2881,2023-05-09 01:38:42,1.686145,1.686545
2885,2023-05-09 01:38:43,1.68613,1.6865299999999999
2888,2023-05-09 01:38:44,1.686145,1.686545
2890,2023-05-09 01:38:45,1.68616,1.68656
2892,2023-05-09 01:38:46,1.68616,1.68656
2895,2023-05-09 01:38:47,1.68617,1.6865700000000001
2898,2023-05-09 01:38:48,1.68616,1.68656
2899,2023-05-09 01:38:49,1.686135,1.686535
2901,2023-05-09 01:38:51,1.68616,1.68656
2902,2023-05-09 01:38:54,1.68615,1.68655
2903,2023-05-09 01:38:56,1.68616,1.68656
2904,2023-05-09 01:38:57,1.6861549999999998,1.686555
2906,2023-05-09 01:38:58,1.686165,1.686565
2908,2023-05-09 01:38:59,1.68616,1.68656
2909,2023-05-09 01:39:00,1.68616,1.68656
2910,2023-05-09 01:39:01,1.68617,1.6865700000000001
2911,2023-05-09 01:39:02,1.686175,1.686575
2913,2023-05-09 01:39:03,1.686175,1.686575
2915,2023-05-09 01:39:05,1.686155,1.686555
2917,2023-05-09 01:39:06,1.68614,1.68654
2918,2023-05-09 01:39:10,1.686145,1.686545
2920,2023-05-09 01:39:11,1.68615,1.68655
2921,2023-05-09 01:39:12,1.6861199999999998,1.6865199999999998
2923,2023-05-09 01:39:13,1.6861199999999998,1.68652
2926,2023-05-09 01:39:15,1.6861000000000002,1.6865
2927,2023-05-09 01:39:20,1.68609,1.68649
2928,2023-05-09 01:39:21,1.686105,1.686505
2930,2023-05-09 01:39:22,1.68608,1.68648
2931,2023-05-09 01:39:23,1.686065,1.6864649999999999
2933,2023-05-09 01:39:25,1.68607,1.68647
2934,2023-05-09 01:39:27,1.68605,1.68645
2935,2023-05-09 01:39:28,1.68609,1.68649
2937,2023-05-09 01:39:29,1.68611,1.68651
2938,2023-05-09 01:39:31,1.6861000000000002,1.6865
2939,2023-05-09 01:39:32,1.68611,1.68651
2940,2023-05-09 01:39:42,1.68609,1.68649
2941,2023-05-09 01:39:43,1.68605,1.68645
2942,2023-05-09 01:39:44,1.686025,1.686425
2946,2023-05-09 01:39:45,1.68601,1.68641
2948,2023-05-09 01:39:46,1.68604,1.6864400000000002
2949,2023-05-09 01:39:48,1.686015,1.686415
2951,2023-05-09 01:39:49,1.6860300000000001,1.68643
2952,2023-05-09 01:39:50,1.686005,1.686405
2954,2023-05-09 01:39:51,1.68601,1.68641
2955,2023-05-09 01:39:52,1.686,1.6864
2956,2023-05-09 01:39:55,1.685995,1.6863949999999999
2958,2023-05-09 01:40:00,1.686,1.6864
2959,2023-05-09 01:40:01,1.686055,1.686455
2961,2023-05-09 01:40:02,1.68605,1.68645
2962,2023-05-09 01:40:03,1.68606,1.6864599999999998
2963,2023-05-09 01:40:04,1.68605,1.68645
2964,2023-05-09 01:40:05,1.68606,1.6864599999999998
2965,2023-05-09 01:40:11,1.68607,1.68647
2966,2023-05-09 01:40:13,1.68608,1.68648
2967,2023-05-09 01:40:17,1.68607,1.68647
2968,2023-05-09 01:40:18,1.68608,1.68648
2969,2023-05-09 01:40:19,1.68607,1.68647
2970,2023-05-09 01:40:20,1.686075,1.686475
2972,2023-05-09 01:40:22,1.68611,1.6865100000000002
2974,2023-05-09 01:40:28,1.68613,1.6865299999999999
2975,2023-05-09 01:40:29,1.6861199999999998,1.68652
2978,2023-05-09 01:40:30,1.6861249999999999,1.686525
2980,2023-05-09 01:40:31,1.68613,1.6865299999999999
2981,2023-05-09 01:40:33,1.68614,1.68654
2982,2023-05-09 01:40:35,1.68617,1.6865700000000001
