,time,bid,ask
0,2023-05-09 00:00:00,1.26119,1.2613400000000001
2,2023-05-09 00:00:01,1.261165,1.261315
6,2023-05-09 00:00:06,1.26119,1.2613400000000001
7,2023-05-09 00:00:07,1.26118,1.26133
8,2023-05-09 00:00:09,1.26122,1.2613699999999999
10,2023-05-09 00:00:10,1.261225,1.261375
12,2023-05-09 00:00:11,1.261225,1.2613750000000001
14,2023-05-09 00:00:12,1.261175,1.261325
16,2023-05-09 00:00:16,1.261225,1.261375
18,2023-05-09 00:00:18,1.26124,1.26139
19,2023-05-09 00:00:20,1.26125,1.2614
20,2023-05-09 00:00:25,1.261245,1.261395
22,2023-05-09 00:00:26,1.261255,1.2614049999999999
24,2023-05-09 00:00:28,1.26126,1.26141
25,2023-05-09 00:00:30,1.261275,1.261425
27,2023-05-09 00:00:31,1.2612700000000001,1.26142
30,2023-05-09 00:00:32,1.2612700000000001,1.26142
31,2023-05-09 00:00:37,1.26128,1.26143
32,2023-05-09 00:00:39,1.2612700000000001,1.26142
33,2023-05-09 00:00:41,1.26126,1.26141
34,2023-05-09 00:00:42,1.26124,1.26139
37,2023-05-09 00:00:43,1.26122,1.26137
39,2023-05-09 00:00:51,1.26118,1.26133
40,2023-05-09 00:01:00,1.261185,1.261335
44,2023-05-09 00:01:01,1.26118,1.26133
45,2023-05-09 00:01:04,1.261165,1.261315
47,2023-05-09 00:01:05,1.26118,1.26133
48,2023-05-09 00:01:06,1.26117,1.26132
49,2023-05-09 00:01:09,1.26118,1.26133
50,2023-05-09 00:01:10,1.261175,1.261325
52,2023-05-09 00:01:22,1.26117,1.26132
53,2023-05-09 00:01:24,1.26118,1.26133
54,2023-05-09 00:01:31,1.26117,1.26132
55,2023-05-09 00:01:36,1.26116,1.26131
56,2023-05-09 00:01:39,1.26117,1.26132
57,2023-05-09 00:01:40,1.26116,1.26131
58,2023-05-09 00:01:43,1.26117,1.26132
60,2023-05-09 00:01:44,1.261155,1.261305
62,2023-05-09 00:01:45,1.2611249999999998,1.261275
64,2023-05-09 00:01:47,1.26109,1.26124
67,2023-05-09 00:01:48,1.2610000000000001,1.26115
70,2023-05-09 00:01:50,1.2610350000000001,1.261185
72,2023-05-09 00:01:52,1.26102,1.26117
74,2023-05-09 00:01:53,1.26098,1.26113
75,2023-05-09 00:01:54,1.26098,1.26113
78,2023-05-09 00:01:55,1.26098,1.26113
79,2023-05-09 00:02:00,1.260975,1.261125
81,2023-05-09 00:02:04,1.26096,1.26111
82,2023-05-09 00:02:05,1.26097,1.26112
83,2023-05-09 00:02:06,1.26096,1.26111
84,2023-05-09 00:02:09,1.260975,1.261125
86,2023-05-09 00:02:11,1.26102,1.26117
89,2023-05-09 00:02:14,1.261015,1.261165
91,2023-05-09 00:02:15,1.26098,1.26113
93,2023-05-09 00:02:16,1.26096,1.26111
94,2023-05-09 00:02:27,1.2609650000000001,1.261115
96,2023-05-09 00:02:28,1.26097,1.26112
97,2023-05-09 00:02:29,1.26099,1.26114
98,2023-05-09 00:02:32,1.26102,1.26117
99,2023-05-09 00:02:33,1.26102,1.26117
102,2023-05-09 00:02:37,1.2609949999999999,1.261145
104,2023-05-09 00:02:39,1.26096,1.26111
105,2023-05-09 00:02:44,1.26089,1.26104
106,2023-05-09 00:02:45,1.26093,1.26108
107,2023-05-09 00:02:46,1.260945,1.261095
109,2023-05-09 00:02:48,1.260935,1.261085
111,2023-05-09 00:02:50,1.26094,1.26109
112,2023-05-09 00:02:52,1.26096,1.26111
113,2023-05-09 00:02:53,1.26091,1.26106
116,2023-05-09 00:02:54,1.2608549999999998,1.261005
120,2023-05-09 00:02:55,1.260865,1.261015
122,2023-05-09 00:02:56,1.26086,1.26101
123,2023-05-09 00:02:58,1.26087,1.26102
124,2023-05-09 00:02:59,1.260865,1.261015
128,2023-05-09 00:03:00,1.260865,1.261015
130,2023-05-09 00:03:01,1.260835,1.260985
132,2023-05-09 00:03:02,1.26082,1.26097
133,2023-05-09 00:03:03,1.260835,1.260985
135,2023-05-09 00:03:04,1.26085,1.2610000000000001
136,2023-05-09 00:03:06,1.26086,1.26101
137,2023-05-09 00:03:07,1.26087,1.26102
138,2023-05-09 00:03:08,1.26088,1.2610299999999999
139,2023-05-09 00:03:09,1.2608700000000002,1.2610199999999998
141,2023-05-09 00:03:12,1.26085,1.2610000000000001
142,2023-05-09 00:03:14,1.260845,1.260995
144,2023-05-09 00:03:15,1.2608549999999998,1.261005
146,2023-05-09 00:03:16,1.26085,1.2610000000000001
147,2023-05-09 00:03:17,1.26087,1.26102
148,2023-05-09 00:03:19,1.26088,1.2610299999999999
149,2023-05-09 00:03:20,1.26086,1.26101
150,2023-05-09 00:03:21,1.26083,1.26098
151,2023-05-09 00:03:22,1.26083,1.26098
154,2023-05-09 00:03:24,1.260775,1.260925
156,2023-05-09 00:03:25,1.26078,1.26093
157,2023-05-09 00:03:28,1.260775,1.260925
159,2023-05-09 00:03:29,1.26077,1.26092
160,2023-05-09 00:03:30,1.2607599999999999,1.26091
161,2023-05-09 00:03:31,1.26075,1.2609
162,2023-05-09 00:03:35,1.26077,1.26092
164,2023-05-09 00:03:43,1.26075,1.2609
165,2023-05-09 00:03:44,1.26077,1.26092
166,2023-05-09 00:03:45,1.2607599999999999,1.26091
167,2023-05-09 00:03:49,1.26074,1.26089
170,2023-05-09 00:03:50,1.2606899999999999,1.26084
173,2023-05-09 00:03:51,1.2607,1.26085
176,2023-05-09 00:03:52,1.26071,1.26086
177,2023-05-09 00:03:53,1.26067,1.26082
180,2023-05-09 00:03:55,1.260675,1.260825
182,2023-05-09 00:03:56,1.2607,1.26085
185,2023-05-09 00:03:57,1.2606899999999999,1.26084
186,2023-05-09 00:03:58,1.2606600000000001,1.26081
189,2023-05-09 00:04:00,1.260665,1.260815
191,2023-05-09 00:04:02,1.26065,1.2608
192,2023-05-09 00:04:04,1.2606600000000001,1.26081
195,2023-05-09 00:04:05,1.260645,1.2607949999999999
197,2023-05-09 00:04:06,1.260655,1.260805
199,2023-05-09 00:04:11,1.26067,1.26082
200,2023-05-09 00:04:12,1.26065,1.2608
201,2023-05-09 00:04:13,1.2606600000000001,1.26081
202,2023-05-09 00:04:14,1.26065,1.2608
203,2023-05-09 00:04:15,1.26059,1.26074
206,2023-05-09 00:04:16,1.26059,1.2607400000000002
208,2023-05-09 00:04:21,1.26062,1.26077
211,2023-05-09 00:04:23,1.26062,1.26077
212,2023-05-09 00:04:24,1.26061,1.2607599999999999
213,2023-05-09 00:04:25,1.260595,1.260745
215,2023-05-09 00:04:27,1.26061,1.2607599999999999
217,2023-05-09 00:04:29,1.26063,1.26078
218,2023-05-09 00:04:31,1.2606600000000001,1.26081
219,2023-05-09 00:04:32,1.26065,1.2608
220,2023-05-09 00:04:35,1.2606600000000001,1.26081
221,2023-05-09 00:04:39,1.26067,1.26082
222,2023-05-09 00:04:41,1.260655,1.260805
224,2023-05-09 00:04:44,1.260655,1.260805
226,2023-05-09 00:04:45,1.2606600000000001,1.26081
227,2023-05-09 00:04:46,1.260655,1.260805
229,2023-05-09 00:04:47,1.260655,1.260805
231,2023-05-09 00:04:48,1.26065,1.2608
232,2023-05-09 00:04:49,1.2606600000000001,1.26081
233,2023-05-09 00:04:50,1.26067,1.26082
234,2023-05-09 00:04:51,1.2606600000000001,1.26081
235,2023-05-09 00:04:53,1.260705,1.260855
237,2023-05-09 00:04:54,1.260785,1.260935
239,2023-05-09 00:04:57,1.26079,1.26094
240,2023-05-09 00:04:58,1.260785,1.260935
242,2023-05-09 00:05:00,1.26079,1.26094
243,2023-05-09 00:05:01,1.26077,1.26092
244,2023-05-09 00:05:02,1.260785,1.260935
246,2023-05-09 00:05:06,1.260775,1.260925
248,2023-05-09 00:05:15,1.26077,1.26092
249,2023-05-09 00:05:19,1.260765,1.260915
251,2023-05-09 00:05:20,1.260775,1.260925
253,2023-05-09 00:05:21,1.26078,1.26093
254,2023-05-09 00:05:22,1.26079,1.26094
255,2023-05-09 00:05:24,1.26078,1.26093
256,2023-05-09 00:05:26,1.2608199999999998,1.26097
258,2023-05-09 00:05:27,1.260825,1.260975
260,2023-05-09 00:05:28,1.26081,1.26096
261,2023-05-09 00:05:29,1.260815,1.2609650000000001
265,2023-05-09 00:05:30,1.260815,1.2609650000000001
267,2023-05-09 00:05:31,1.260805,1.260955
271,2023-05-09 00:05:33,1.2608,1.26095
274,2023-05-09 00:05:36,1.26081,1.26096
275,2023-05-09 00:05:38,1.26084,1.26099
278,2023-05-09 00:05:39,1.260865,1.261015
280,2023-05-09 00:05:41,1.26086,1.26101
281,2023-05-09 00:05:42,1.260865,1.261015
283,2023-05-09 00:05:43,1.26082,1.26097
284,2023-05-09 00:05:44,1.26083,1.26098
285,2023-05-09 00:05:45,1.26084,1.26099
286,2023-05-09 00:05:46,1.26083,1.26098
287,2023-05-09 00:05:47,1.260835,1.260985
289,2023-05-09 00:05:50,1.26084,1.26099
290,2023-05-09 00:05:51,1.26083,1.26098
291,2023-05-09 00:05:53,1.260805,1.260955
293,2023-05-09 00:05:54,1.26081,1.26096
294,2023-05-09 00:05:59,1.2608,1.26095
295,2023-05-09 00:06:00,1.260805,1.260955
297,2023-05-09 00:06:01,1.26082,1.26097
298,2023-05-09 00:06:03,1.26081,1.26096
299,2023-05-09 00:06:06,1.26079,1.26094
300,2023-05-09 00:06:08,1.26078,1.26093
301,2023-05-09 00:06:09,1.260775,1.260925
303,2023-05-09 00:06:10,1.26077,1.26092
304,2023-05-09 00:06:11,1.260775,1.260925
306,2023-05-09 00:06:12,1.2607599999999999,1.26091
307,2023-05-09 00:06:13,1.26077,1.26092
310,2023-05-09 00:06:21,1.26075,1.2609
311,2023-05-09 00:06:22,1.2607,1.26085
312,2023-05-09 00:06:25,1.26071,1.26086
313,2023-05-09 00:06:29,1.260735,1.260885
315,2023-05-09 00:06:30,1.26071,1.26086
316,2023-05-09 00:06:31,1.260705,1.260855
318,2023-05-09 00:06:32,1.2607,1.26085
319,2023-05-09 00:06:33,1.26072,1.26087
320,2023-05-09 00:06:36,1.26074,1.26089
321,2023-05-09 00:06:40,1.26072,1.26087
324,2023-05-09 00:06:41,1.26071,1.26086
325,2023-05-09 00:06:46,1.2606899999999999,1.26084
326,2023-05-09 00:06:51,1.260735,1.260885
330,2023-05-09 00:06:56,1.26075,1.2609
331,2023-05-09 00:06:57,1.260745,1.260895
333,2023-05-09 00:06:58,1.2607599999999999,1.26091
334,2023-05-09 00:06:59,1.260755,1.260905
336,2023-05-09 00:07:00,1.26075,1.2609
337,2023-05-09 00:07:02,1.260755,1.260905
339,2023-05-09 00:07:04,1.2607599999999999,1.26091
342,2023-05-09 00:07:06,1.26075,1.2609
346,2023-05-09 00:07:10,1.26075,1.2609
347,2023-05-09 00:07:11,1.260755,1.260905
349,2023-05-09 00:07:12,1.26071,1.26086
351,2023-05-09 00:07:14,1.2607,1.26085
354,2023-05-09 00:07:15,1.26071,1.26086
355,2023-05-09 00:07:16,1.26072,1.2608700000000002
357,2023-05-09 00:07:17,1.2607,1.26085
358,2023-05-09 00:07:18,1.26068,1.26083
359,2023-05-09 00:07:20,1.26067,1.26082
360,2023-05-09 00:07:24,1.260705,1.2608549999999998
362,2023-05-09 00:07:25,1.26071,1.26086
363,2023-05-09 00:07:27,1.26072,1.26087
364,2023-05-09 00:07:28,1.26071,1.26086
365,2023-05-09 00:07:29,1.2607,1.26085
366,2023-05-09 00:07:32,1.2607249999999999,1.260875
368,2023-05-09 00:07:33,1.260685,1.260835
370,2023-05-09 00:07:36,1.2607,1.26085
371,2023-05-09 00:07:40,1.26072,1.26087
372,2023-05-09 00:07:41,1.26071,1.26086
373,2023-05-09 00:07:43,1.26072,1.26087
374,2023-05-09 00:07:44,1.260725,1.260875
376,2023-05-09 00:07:45,1.2607300000000001,1.26088
377,2023-05-09 00:07:47,1.2607599999999999,1.26091
378,2023-05-09 00:07:48,1.26075,1.2609
379,2023-05-09 00:07:49,1.2607599999999999,1.26091
380,2023-05-09 00:07:54,1.26077,1.26092
381,2023-05-09 00:07:55,1.2607599999999999,1.26091
382,2023-05-09 00:07:58,1.26075,1.2609
383,2023-05-09 00:08:00,1.26075,1.2609
384,2023-05-09 00:08:01,1.2607599999999999,1.26091
385,2023-05-09 00:08:03,1.2607249999999999,1.260875
387,2023-05-09 00:08:04,1.2607,1.26085
388,2023-05-09 00:08:05,1.26072,1.26087
389,2023-05-09 00:08:06,1.2607,1.26085
390,2023-05-09 00:08:08,1.2606899999999999,1.26084
391,2023-05-09 00:08:09,1.2607,1.26085
392,2023-05-09 00:08:12,1.2606899999999999,1.26084
393,2023-05-09 00:08:13,1.26067,1.26082
396,2023-05-09 00:08:15,1.260665,1.260815
398,2023-05-09 00:08:18,1.2606600000000001,1.26081
399,2023-05-09 00:08:19,1.260655,1.260805
401,2023-05-09 00:08:22,1.26068,1.26083
402,2023-05-09 00:08:23,1.26067,1.26082
403,2023-05-09 00:08:32,1.260645,1.2607949999999999
405,2023-05-09 00:08:33,1.26065,1.2608
406,2023-05-09 00:08:34,1.260645,1.2607949999999999
410,2023-05-09 00:08:36,1.260655,1.260805
412,2023-05-09 00:08:37,1.26064,1.26079
413,2023-05-09 00:08:39,1.26065,1.2608
414,2023-05-09 00:08:42,1.260645,1.2607949999999999
416,2023-05-09 00:08:43,1.26064,1.26079
417,2023-05-09 00:08:44,1.2606600000000001,1.26081
418,2023-05-09 00:08:47,1.260645,1.2607949999999999
420,2023-05-09 00:08:48,1.26064,1.26079
423,2023-05-09 00:08:54,1.260625,1.260775
425,2023-05-09 00:08:59,1.260555,1.260705
427,2023-05-09 00:09:00,1.260545,1.260695
429,2023-05-09 00:09:02,1.260525,1.260675
431,2023-05-09 00:09:03,1.26053,1.26068
432,2023-05-09 00:09:05,1.26054,1.2606899999999999
433,2023-05-09 00:09:06,1.26055,1.2607
434,2023-05-09 00:09:08,1.260545,1.2606950000000001
436,2023-05-09 00:09:09,1.2604899999999999,1.26064
437,2023-05-09 00:09:10,1.26043,1.26058
440,2023-05-09 00:09:11,1.2603900000000001,1.26054
441,2023-05-09 00:09:12,1.2604199999999999,1.26057
442,2023-05-09 00:09:14,1.260435,1.260585
444,2023-05-09 00:09:16,1.2604600000000001,1.26061
445,2023-05-09 00:09:19,1.26045,1.2606
446,2023-05-09 00:09:21,1.26043,1.26058
447,2023-05-09 00:09:22,1.26045,1.2606000000000002
449,2023-05-09 00:09:33,1.26052,1.26067
452,2023-05-09 00:09:34,1.260515,1.260665
456,2023-05-09 00:09:37,1.26051,1.2606600000000001
457,2023-05-09 00:09:38,1.2604899999999999,1.26064
458,2023-05-09 00:09:39,1.26048,1.26063
459,2023-05-09 00:09:40,1.260475,1.260625
461,2023-05-09 00:09:41,1.26045,1.2606
462,2023-05-09 00:09:42,1.2604600000000001,1.26061
463,2023-05-09 00:09:44,1.2605,1.26065
464,2023-05-09 00:09:45,1.260515,1.260665
466,2023-05-09 00:09:46,1.260495,1.260645
468,2023-05-09 00:09:47,1.26051,1.2606600000000001
469,2023-05-09 00:09:50,1.2604899999999999,1.26064
471,2023-05-09 00:09:51,1.260495,1.260645
473,2023-05-09 00:09:52,1.26048,1.26063
474,2023-05-09 00:09:55,1.2604600000000001,1.26061
477,2023-05-09 00:09:59,1.2604899999999999,1.26064
478,2023-05-09 00:10:00,1.260505,1.2606549999999999
480,2023-05-09 00:10:02,1.260505,1.260655
482,2023-05-09 00:10:04,1.26051,1.2606600000000001
483,2023-05-09 00:10:05,1.26052,1.26067
484,2023-05-09 00:10:10,1.26053,1.26068
485,2023-05-09 00:10:12,1.260525,1.260675
487,2023-05-09 00:10:13,1.26054,1.2606899999999999
488,2023-05-09 00:10:14,1.26055,1.2607
489,2023-05-09 00:10:15,1.26054,1.2606899999999999
490,2023-05-09 00:10:16,1.26053,1.26068
491,2023-05-09 00:10:20,1.26054,1.2606899999999999
492,2023-05-09 00:10:21,1.260535,1.260685
494,2023-05-09 00:10:22,1.260535,1.260685
496,2023-05-09 00:10:26,1.26047,1.26062
499,2023-05-09 00:10:29,1.26047,1.26062
500,2023-05-09 00:10:32,1.260535,1.260685
502,2023-05-09 00:10:33,1.26052,1.26067
503,2023-05-09 00:10:35,1.26048,1.26063
504,2023-05-09 00:10:40,1.26053,1.26068
505,2023-05-09 00:10:42,1.26054,1.2606899999999999
506,2023-05-09 00:10:44,1.26053,1.26068
507,2023-05-09 00:10:47,1.260535,1.260685
509,2023-05-09 00:10:48,1.26055,1.2607
512,2023-05-09 00:10:49,1.26055,1.2607
513,2023-05-09 00:10:50,1.26054,1.2606899999999999
514,2023-05-09 00:10:52,1.26055,1.2607
515,2023-05-09 00:10:55,1.26056,1.26071
516,2023-05-09 00:10:58,1.26055,1.2607
517,2023-05-09 00:11:00,1.260555,1.260705
519,2023-05-09 00:11:01,1.26057,1.26072
520,2023-05-09 00:11:03,1.26063,1.26078
521,2023-05-09 00:11:04,1.2606,1.26075
522,2023-05-09 00:11:05,1.2606199999999999,1.26077
524,2023-05-09 00:11:10,1.26062,1.26077
525,2023-05-09 00:11:11,1.260645,1.2607949999999999
527,2023-05-09 00:11:15,1.2606600000000001,1.26081
528,2023-05-09 00:11:16,1.26067,1.26082
529,2023-05-09 00:11:17,1.26065,1.2608
530,2023-05-09 00:11:18,1.26064,1.26079
531,2023-05-09 00:11:22,1.26065,1.2608000000000001
533,2023-05-09 00:11:25,1.260635,1.260785
535,2023-05-09 00:11:26,1.260645,1.2607949999999999
537,2023-05-09 00:11:27,1.2606600000000001,1.26081
538,2023-05-09 00:11:28,1.26065,1.2608
539,2023-05-09 00:11:31,1.26063,1.26078
540,2023-05-09 00:11:32,1.26064,1.26079
541,2023-05-09 00:11:33,1.26065,1.2608
542,2023-05-09 00:11:37,1.260605,1.260755
544,2023-05-09 00:11:39,1.26065,1.2608
545,2023-05-09 00:11:40,1.26062,1.26077
548,2023-05-09 00:11:41,1.260625,1.260775
550,2023-05-09 00:11:44,1.26058,1.2607300000000001
552,2023-05-09 00:11:45,1.26056,1.26071
553,2023-05-09 00:11:46,1.26058,1.2607300000000001
556,2023-05-09 00:11:47,1.26061,1.2607599999999999
557,2023-05-09 00:11:52,1.26062,1.26077
560,2023-05-09 00:11:53,1.26062,1.26077
561,2023-05-09 00:11:55,1.260615,1.260765
563,2023-05-09 00:11:56,1.26061,1.2607599999999999
564,2023-05-09 00:11:58,1.26062,1.26077
565,2023-05-09 00:11:59,1.26065,1.2608000000000001
567,2023-05-09 00:12:00,1.26062,1.26077
570,2023-05-09 00:12:01,1.26061,1.2607599999999999
571,2023-05-09 00:12:07,1.26058,1.2607300000000001
572,2023-05-09 00:12:08,1.2606,1.26075
573,2023-05-09 00:12:10,1.26059,1.26074
574,2023-05-09 00:12:11,1.26058,1.2607300000000001
575,2023-05-09 00:12:12,1.26057,1.26072
576,2023-05-09 00:12:13,1.26058,1.2607300000000001
577,2023-05-09 00:12:17,1.260585,1.260735
579,2023-05-09 00:12:18,1.26057,1.26072
580,2023-05-09 00:12:19,1.26058,1.2607300000000001
581,2023-05-09 00:12:20,1.2606,1.26075
584,2023-05-09 00:12:25,1.26057,1.26072
585,2023-05-09 00:12:27,1.26058,1.2607300000000001
588,2023-05-09 00:12:28,1.26059,1.26074
589,2023-05-09 00:12:29,1.260605,1.260755
591,2023-05-09 00:12:31,1.260605,1.260755
593,2023-05-09 00:12:33,1.26059,1.26074
594,2023-05-09 00:12:36,1.2606,1.26075
595,2023-05-09 00:12:38,1.26059,1.26074
596,2023-05-09 00:12:39,1.26057,1.26072
598,2023-05-09 00:12:40,1.260545,1.260695
600,2023-05-09 00:12:41,1.26053,1.26068
601,2023-05-09 00:12:43,1.26054,1.2606899999999999
602,2023-05-09 00:12:48,1.2604899999999999,1.26064
603,2023-05-09 00:12:50,1.2605,1.26065
604,2023-05-09 00:12:52,1.26051,1.2606600000000001
607,2023-05-09 00:12:53,1.260485,1.260635
609,2023-05-09 00:12:55,1.2604600000000001,1.26061
611,2023-05-09 00:12:57,1.26044,1.26059
612,2023-05-09 00:12:58,1.26038,1.26053
613,2023-05-09 00:12:59,1.260415,1.2605650000000002
615,2023-05-09 00:13:00,1.26043,1.26058
616,2023-05-09 00:13:01,1.26044,1.26059
617,2023-05-09 00:13:02,1.26045,1.2606
618,2023-05-09 00:13:03,1.26044,1.26059
619,2023-05-09 00:13:04,1.260445,1.260595
621,2023-05-09 00:13:05,1.260405,1.260555
623,2023-05-09 00:13:06,1.26041,1.26056
624,2023-05-09 00:13:08,1.26038,1.2605300000000002
626,2023-05-09 00:13:09,1.260365,1.260515
628,2023-05-09 00:13:10,1.260395,1.260545
630,2023-05-09 00:13:11,1.26041,1.26056
631,2023-05-09 00:13:12,1.260415,1.260565
633,2023-05-09 00:13:13,1.2603900000000001,1.26054
634,2023-05-09 00:13:15,1.26038,1.26053
635,2023-05-09 00:13:16,1.2604199999999999,1.26057
638,2023-05-09 00:13:17,1.26041,1.26056
639,2023-05-09 00:13:18,1.26043,1.26058
642,2023-05-09 00:13:23,1.26047,1.26062
643,2023-05-09 00:13:24,1.26045,1.2606000000000002
645,2023-05-09 00:13:25,1.260435,1.260585
647,2023-05-09 00:13:30,1.26045,1.2606
648,2023-05-09 00:13:34,1.26043,1.26058
649,2023-05-09 00:13:42,1.260425,1.260575
651,2023-05-09 00:13:43,1.2604199999999999,1.26057
652,2023-05-09 00:13:44,1.2604,1.26055
654,2023-05-09 00:13:45,1.26037,1.26052
657,2023-05-09 00:13:46,1.26037,1.26052
658,2023-05-09 00:13:47,1.2603900000000001,1.26054
659,2023-05-09 00:13:48,1.2603849999999999,1.260535
661,2023-05-09 00:13:49,1.26036,1.26051
663,2023-05-09 00:13:50,1.26036,1.26051
664,2023-05-09 00:13:53,1.260365,1.260515
666,2023-05-09 00:13:55,1.26037,1.26052
667,2023-05-09 00:13:56,1.26036,1.26051
668,2023-05-09 00:13:58,1.26035,1.2605
669,2023-05-09 00:14:00,1.26035,1.2605
670,2023-05-09 00:14:02,1.2603550000000001,1.260505
672,2023-05-09 00:14:08,1.26034,1.2604899999999999
673,2023-05-09 00:14:10,1.26036,1.26051
676,2023-05-09 00:14:11,1.26038,1.26053
677,2023-05-09 00:14:12,1.26037,1.26052
678,2023-05-09 00:14:13,1.260385,1.260535
680,2023-05-09 00:14:15,1.2604,1.26055
681,2023-05-09 00:14:18,1.2604199999999999,1.26057
682,2023-05-09 00:14:20,1.26043,1.26058
683,2023-05-09 00:14:24,1.2604199999999999,1.26057
684,2023-05-09 00:14:25,1.26043,1.26058
685,2023-05-09 00:14:27,1.2604199999999999,1.26057
686,2023-05-09 00:14:28,1.26043,1.26058
687,2023-05-09 00:14:29,1.26045,1.2606000000000002
689,2023-05-09 00:14:31,1.26045,1.2606
690,2023-05-09 00:14:32,1.26044,1.26059
691,2023-05-09 00:14:34,1.26043,1.26058
692,2023-05-09 00:14:35,1.2604250000000001,1.260575
694,2023-05-09 00:14:37,1.26041,1.26056
697,2023-05-09 00:14:41,1.26037,1.26052
698,2023-05-09 00:14:42,1.26036,1.26051
699,2023-05-09 00:14:48,1.2603550000000001,1.260505
701,2023-05-09 00:14:52,1.26037,1.26052
702,2023-05-09 00:14:57,1.26043,1.26058
705,2023-05-09 00:14:58,1.26043,1.26058
706,2023-05-09 00:14:59,1.26045,1.2606
709,2023-05-09 00:15:00,1.260455,1.260605
711,2023-05-09 00:15:01,1.2604700000000002,1.2606199999999999
713,2023-05-09 00:15:02,1.26053,1.26068
716,2023-05-09 00:15:03,1.260545,1.2606950000000001
718,2023-05-09 00:15:04,1.260555,1.260705
720,2023-05-09 00:15:06,1.26055,1.2607
721,2023-05-09 00:15:08,1.26053,1.26068
722,2023-05-09 00:15:09,1.26051,1.2606600000000001
724,2023-05-09 00:15:11,1.2604899999999999,1.26064
725,2023-05-09 00:15:12,1.260495,1.260645
727,2023-05-09 00:15:15,1.26048,1.26063
728,2023-05-09 00:15:17,1.2604899999999999,1.26064
729,2023-05-09 00:15:18,1.2605,1.26065
730,2023-05-09 00:15:20,1.260465,1.260615
732,2023-05-09 00:15:24,1.2604600000000001,1.26061
735,2023-05-09 00:15:28,1.26047,1.26062
736,2023-05-09 00:15:29,1.260485,1.260635
738,2023-05-09 00:15:30,1.2604899999999999,1.26064
739,2023-05-09 00:15:31,1.2605,1.26065
740,2023-05-09 00:15:32,1.26054,1.2606899999999999
741,2023-05-09 00:15:33,1.26053,1.26068
742,2023-05-09 00:15:34,1.2605300000000002,1.2606799999999998
744,2023-05-09 00:15:35,1.2605,1.26065
745,2023-05-09 00:15:39,1.26052,1.26067
746,2023-05-09 00:15:40,1.26054,1.2606899999999999
747,2023-05-09 00:15:42,1.26053,1.26068
748,2023-05-09 00:15:44,1.260495,1.260645
750,2023-05-09 00:15:46,1.2605,1.26065
751,2023-05-09 00:15:49,1.260525,1.260675
753,2023-05-09 00:15:50,1.26055,1.2607
754,2023-05-09 00:15:53,1.26054,1.2606899999999999
755,2023-05-09 00:15:55,1.26055,1.2607
756,2023-05-09 00:15:56,1.26054,1.2606899999999999
759,2023-05-09 00:15:57,1.260555,1.260705
761,2023-05-09 00:16:00,1.260565,1.260715
763,2023-05-09 00:16:01,1.26062,1.26077
764,2023-05-09 00:16:02,1.26063,1.26078
765,2023-05-09 00:16:03,1.26061,1.2607599999999999
768,2023-05-09 00:16:05,1.260605,1.260755
770,2023-05-09 00:16:06,1.2606,1.26075
771,2023-05-09 00:16:07,1.26061,1.2607599999999999
772,2023-05-09 00:16:08,1.260605,1.260755
774,2023-05-09 00:16:10,1.26059,1.26074
775,2023-05-09 00:16:11,1.26061,1.2607599999999999
776,2023-05-09 00:16:12,1.2606,1.26075
777,2023-05-09 00:16:13,1.26061,1.2607599999999999
778,2023-05-09 00:16:14,1.26062,1.26077
779,2023-05-09 00:16:15,1.26064,1.26079
780,2023-05-09 00:16:16,1.260645,1.2607949999999999
782,2023-05-09 00:16:21,1.260645,1.2607949999999999
784,2023-05-09 00:16:23,1.26064,1.26079
785,2023-05-09 00:16:25,1.26063,1.26078
786,2023-05-09 00:16:26,1.26062,1.26077
787,2023-05-09 00:16:29,1.26063,1.26078
788,2023-05-09 00:16:34,1.260595,1.260745
790,2023-05-09 00:16:47,1.26056,1.26071
791,2023-05-09 00:16:49,1.26057,1.26072
792,2023-05-09 00:16:50,1.26056,1.26071
793,2023-05-09 00:16:55,1.26057,1.26072
794,2023-05-09 00:16:58,1.260575,1.260725
796,2023-05-09 00:17:00,1.26057,1.26072
797,2023-05-09 00:17:02,1.26058,1.2607300000000001
798,2023-05-09 00:17:04,1.26057,1.26072
799,2023-05-09 00:17:11,1.26058,1.2607300000000001
800,2023-05-09 00:17:12,1.26057,1.26072
801,2023-05-09 00:17:16,1.26058,1.2607300000000001
802,2023-05-09 00:17:17,1.26057,1.26072
803,2023-05-09 00:17:21,1.260585,1.260735
805,2023-05-09 00:17:22,1.26058,1.2607300000000001
808,2023-05-09 00:17:26,1.26063,1.26078
811,2023-05-09 00:17:27,1.26059,1.26074
812,2023-05-09 00:17:28,1.26061,1.2607599999999999
815,2023-05-09 00:17:29,1.2606,1.26075
816,2023-05-09 00:17:30,1.26061,1.2607599999999999
817,2023-05-09 00:17:31,1.26063,1.26078
818,2023-05-09 00:17:32,1.26064,1.26079
819,2023-05-09 00:17:34,1.2606600000000001,1.26081
820,2023-05-09 00:17:37,1.26064,1.26079
821,2023-05-09 00:17:38,1.260665,1.260815
823,2023-05-09 00:17:40,1.260645,1.2607949999999999
825,2023-05-09 00:17:41,1.260655,1.260805
827,2023-05-09 00:17:42,1.260645,1.2607949999999999
829,2023-05-09 00:17:43,1.2606,1.26075
830,2023-05-09 00:17:44,1.260625,1.260775
832,2023-05-09 00:17:45,1.260605,1.260755
834,2023-05-09 00:17:46,1.26063,1.26078
835,2023-05-09 00:17:47,1.26064,1.26079
836,2023-05-09 00:17:49,1.2606600000000001,1.26081
837,2023-05-09 00:17:51,1.26067,1.26082
838,2023-05-09 00:17:53,1.260625,1.260775
840,2023-05-09 00:17:54,1.26062,1.26077
841,2023-05-09 00:17:55,1.26061,1.2607599999999999
842,2023-05-09 00:17:56,1.260595,1.260745
844,2023-05-09 00:17:58,1.26055,1.2607
845,2023-05-09 00:18:00,1.26055,1.2607
846,2023-05-09 00:18:01,1.260555,1.260705
848,2023-05-09 00:18:03,1.26056,1.26071
849,2023-05-09 00:18:04,1.26057,1.26072
852,2023-05-09 00:18:08,1.26058,1.2607300000000001
853,2023-05-09 00:18:10,1.26059,1.26074
854,2023-05-09 00:18:11,1.26058,1.2607300000000001
857,2023-05-09 00:18:15,1.26065,1.2608
858,2023-05-09 00:18:22,1.2606600000000001,1.26081
859,2023-05-09 00:18:24,1.26065,1.2608
860,2023-05-09 00:18:26,1.2606600000000001,1.26081
861,2023-05-09 00:18:28,1.260675,1.260825
863,2023-05-09 00:18:34,1.2606600000000001,1.26081
864,2023-05-09 00:18:38,1.260645,1.2607949999999999
866,2023-05-09 00:18:40,1.26065,1.2608
867,2023-05-09 00:18:46,1.26064,1.26079
868,2023-05-09 00:18:48,1.260645,1.2607949999999999
870,2023-05-09 00:18:50,1.26065,1.2608
871,2023-05-09 00:18:51,1.2606600000000001,1.26081
872,2023-05-09 00:18:55,1.26067,1.26082
873,2023-05-09 00:18:56,1.2606600000000001,1.26081
874,2023-05-09 00:19:00,1.260655,1.260805
876,2023-05-09 00:19:04,1.26067,1.26082
877,2023-05-09 00:19:06,1.2606600000000001,1.26081
878,2023-05-09 00:19:10,1.26067,1.26082
879,2023-05-09 00:19:18,1.26072,1.2608700000000002
881,2023-05-09 00:19:19,1.26072,1.26087
882,2023-05-09 00:19:20,1.26071,1.26086
883,2023-05-09 00:19:21,1.26072,1.26087
884,2023-05-09 00:19:22,1.2607300000000001,1.26088
885,2023-05-09 00:19:23,1.26075,1.2609
886,2023-05-09 00:19:30,1.26075,1.2609
889,2023-05-09 00:19:31,1.26072,1.26087
890,2023-05-09 00:19:32,1.260735,1.260885
892,2023-05-09 00:19:33,1.2607300000000001,1.26088
893,2023-05-09 00:19:34,1.26072,1.26087
896,2023-05-09 00:19:37,1.26071,1.26086
897,2023-05-09 00:19:39,1.26072,1.26087
898,2023-05-09 00:19:40,1.26072,1.26087
901,2023-05-09 00:19:41,1.260695,1.260845
903,2023-05-09 00:19:42,1.260695,1.260845
905,2023-05-09 00:19:44,1.2607300000000001,1.26088
906,2023-05-09 00:19:50,1.260765,1.260915
908,2023-05-09 00:19:54,1.26077,1.26092
909,2023-05-09 00:19:58,1.26081,1.26096
912,2023-05-09 00:20:00,1.2608199999999998,1.26097
914,2023-05-09 00:20:04,1.26082,1.26097
917,2023-05-09 00:20:05,1.26084,1.26099
918,2023-05-09 00:20:11,1.26083,1.26098
919,2023-05-09 00:20:14,1.260835,1.260985
921,2023-05-09 00:20:15,1.26081,1.26096
922,2023-05-09 00:20:19,1.260815,1.2609650000000001
924,2023-05-09 00:20:21,1.26082,1.26097
927,2023-05-09 00:20:22,1.260805,1.260955
929,2023-05-09 00:20:24,1.26081,1.26096
930,2023-05-09 00:20:25,1.26078,1.26093
933,2023-05-09 00:20:28,1.2607949999999999,1.260945
935,2023-05-09 00:20:29,1.260805,1.260955
937,2023-05-09 00:20:32,1.26079,1.26094
938,2023-05-09 00:20:33,1.260825,1.260975
940,2023-05-09 00:20:42,1.26081,1.2609599999999999
942,2023-05-09 00:20:44,1.26081,1.26096
943,2023-05-09 00:20:45,1.2608,1.26095
944,2023-05-09 00:20:46,1.26079,1.26094
945,2023-05-09 00:20:48,1.260805,1.260955
947,2023-05-09 00:20:54,1.2608,1.26095
950,2023-05-09 00:20:55,1.26078,1.26093
951,2023-05-09 00:20:58,1.2608,1.26095
954,2023-05-09 00:20:59,1.2608,1.26095
955,2023-05-09 00:21:00,1.2608199999999998,1.26097
957,2023-05-09 00:21:07,1.26084,1.26099
960,2023-05-09 00:21:10,1.26085,1.2610000000000001
961,2023-05-09 00:21:11,1.26084,1.26099
962,2023-05-09 00:21:16,1.26082,1.26097
963,2023-05-09 00:21:17,1.26083,1.26098
964,2023-05-09 00:21:22,1.26084,1.26099
965,2023-05-09 00:21:36,1.26083,1.26098
966,2023-05-09 00:21:39,1.26084,1.26099
967,2023-05-09 00:21:40,1.26083,1.26098
968,2023-05-09 00:21:43,1.26084,1.26099
969,2023-05-09 00:21:44,1.26083,1.26098
970,2023-05-09 00:21:49,1.26084,1.26099
971,2023-05-09 00:21:56,1.26083,1.26098
972,2023-05-09 00:21:59,1.26084,1.26099
973,2023-05-09 00:22:00,1.26084,1.26099
974,2023-05-09 00:22:02,1.26081,1.26096
977,2023-05-09 00:22:03,1.260825,1.260975
979,2023-05-09 00:22:07,1.2608199999999998,1.26097
981,2023-05-09 00:22:10,1.26085,1.2610000000000001
982,2023-05-09 00:22:16,1.26084,1.26099
983,2023-05-09 00:22:20,1.260845,1.260995
985,2023-05-09 00:22:25,1.26083,1.26098
986,2023-05-09 00:22:27,1.260845,1.260995
988,2023-05-09 00:22:30,1.26083,1.26098
989,2023-05-09 00:22:31,1.26079,1.2609400000000002
991,2023-05-09 00:22:37,1.2607599999999999,1.26091
992,2023-05-09 00:22:41,1.26077,1.26092
993,2023-05-09 00:22:42,1.2607599999999999,1.26091
994,2023-05-09 00:22:43,1.26077,1.26092
995,2023-05-09 00:22:45,1.26078,1.26093
996,2023-05-09 00:22:47,1.2607300000000001,1.26088
1000,2023-05-09 00:22:49,1.2606899999999999,1.26084
1001,2023-05-09 00:22:51,1.26068,1.26083
1002,2023-05-09 00:22:53,1.2606899999999999,1.26084
1003,2023-05-09 00:22:55,1.26068,1.26083
1004,2023-05-09 00:22:57,1.2606600000000001,1.26081
1005,2023-05-09 00:22:58,1.26067,1.26082
1006,2023-05-09 00:23:00,1.260665,1.260815
1008,2023-05-09 00:23:08,1.26067,1.26082
1009,2023-05-09 00:23:11,1.260675,1.260825
1011,2023-05-09 00:23:13,1.260675,1.260825
1013,2023-05-09 00:23:21,1.2606600000000001,1.26081
1014,2023-05-09 00:23:23,1.26065,1.2608
1015,2023-05-09 00:23:25,1.2606600000000001,1.26081
1016,2023-05-09 00:23:26,1.26065,1.2608
1017,2023-05-09 00:23:29,1.26064,1.26079
1018,2023-05-09 00:23:30,1.260635,1.260785
1020,2023-05-09 00:23:37,1.2606600000000001,1.26081
1021,2023-05-09 00:23:40,1.26065,1.2608
1022,2023-05-09 00:23:41,1.2606600000000001,1.26081
1023,2023-05-09 00:23:46,1.260665,1.260815
1025,2023-05-09 00:23:47,1.26067,1.26082
1026,2023-05-09 00:23:48,1.2606600000000001,1.26081
1027,2023-05-09 00:23:50,1.26067,1.26082
1028,2023-05-09 00:23:53,1.260685,1.260835
1030,2023-05-09 00:23:54,1.26068,1.26083
1031,2023-05-09 00:23:55,1.2607300000000001,1.26088
1032,2023-05-09 00:23:56,1.260705,1.260855
1034,2023-05-09 00:23:58,1.2606899999999999,1.26084
1035,2023-05-09 00:24:00,1.2606899999999999,1.26084
1036,2023-05-09 00:24:06,1.26067,1.26082
1037,2023-05-09 00:24:08,1.260675,1.260825
1039,2023-05-09 00:24:11,1.2606600000000001,1.26081
1040,2023-05-09 00:24:17,1.26067,1.26082
1041,2023-05-09 00:24:22,1.26068,1.26083
1043,2023-05-09 00:24:23,1.26071,1.26086
1045,2023-05-09 00:24:24,1.2606899999999999,1.26084
1046,2023-05-09 00:24:26,1.2607,1.26085
1047,2023-05-09 00:24:28,1.26068,1.26083
1048,2023-05-09 00:24:29,1.2606899999999999,1.26084
1049,2023-05-09 00:24:31,1.26072,1.26087
1052,2023-05-09 00:24:32,1.260685,1.260835
1054,2023-05-09 00:24:35,1.26067,1.26082
1055,2023-05-09 00:24:43,1.26068,1.26083
1056,2023-05-09 00:24:45,1.2607,1.26085
1057,2023-05-09 00:24:46,1.260715,1.260865
1059,2023-05-09 00:24:47,1.260715,1.260865
1061,2023-05-09 00:24:49,1.26071,1.26086
1062,2023-05-09 00:24:50,1.26072,1.26087
1063,2023-05-09 00:24:51,1.2607300000000001,1.26088
1064,2023-05-09 00:24:52,1.2607300000000001,1.26088
1067,2023-05-09 00:24:56,1.2607599999999999,1.26091
1068,2023-05-09 00:24:59,1.26077,1.26092
1069,2023-05-09 00:25:00,1.26077,1.26092
1070,2023-05-09 00:25:01,1.2607599999999999,1.26091
1071,2023-05-09 00:25:07,1.260765,1.260915
1073,2023-05-09 00:25:08,1.26075,1.2609
1074,2023-05-09 00:25:09,1.2607599999999999,1.26091
1075,2023-05-09 00:25:13,1.26077,1.26092
1076,2023-05-09 00:25:16,1.2607599999999999,1.26091
1077,2023-05-09 00:25:21,1.26077,1.26092
1078,2023-05-09 00:25:29,1.2607599999999999,1.26091
1079,2023-05-09 00:25:30,1.26075,1.2609
1080,2023-05-09 00:25:32,1.2607599999999999,1.26091
1081,2023-05-09 00:25:33,1.260755,1.260905
1083,2023-05-09 00:25:35,1.26075,1.2609
1084,2023-05-09 00:25:37,1.2607599999999999,1.26091
1085,2023-05-09 00:25:39,1.260755,1.260905
1087,2023-05-09 00:25:44,1.26077,1.26092
1088,2023-05-09 00:25:48,1.260775,1.260925
1090,2023-05-09 00:25:53,1.26079,1.2609400000000002
1092,2023-05-09 00:25:54,1.26086,1.26101
1093,2023-05-09 00:25:58,1.26085,1.2610000000000001
1094,2023-05-09 00:26:00,1.260845,1.260995
1096,2023-05-09 00:26:09,1.26086,1.26101
1097,2023-05-09 00:26:10,1.26085,1.2610000000000001
1098,2023-05-09 00:26:14,1.26083,1.26098
1099,2023-05-09 00:26:15,1.26082,1.26097
1100,2023-05-09 00:26:17,1.26083,1.26098
1101,2023-05-09 00:26:20,1.26081,1.26096
1104,2023-05-09 00:26:23,1.26081,1.26096
1105,2023-05-09 00:26:25,1.26077,1.26092
1106,2023-05-09 00:26:26,1.2607599999999999,1.26091
1107,2023-05-09 00:26:30,1.260755,1.260905
1109,2023-05-09 00:26:36,1.26077,1.26092
1110,2023-05-09 00:26:38,1.2607599999999999,1.26091
1111,2023-05-09 00:26:41,1.260755,1.260905
1113,2023-05-09 00:26:42,1.26077,1.26092
1116,2023-05-09 00:26:46,1.26081,1.26096
1117,2023-05-09 00:26:47,1.260765,1.260915
1119,2023-05-09 00:26:48,1.26077,1.26092
1120,2023-05-09 00:26:50,1.2607599999999999,1.26091
1121,2023-05-09 00:26:51,1.260745,1.260895
1123,2023-05-09 00:26:56,1.260755,1.260905
1125,2023-05-09 00:27:00,1.260755,1.260905
1127,2023-05-09 00:27:01,1.26074,1.26089
1128,2023-05-09 00:27:03,1.260755,1.260905
1130,2023-05-09 00:27:10,1.26075,1.2609
1131,2023-05-09 00:27:11,1.260705,1.2608549999999998
1133,2023-05-09 00:27:12,1.26071,1.26086
1134,2023-05-09 00:27:19,1.26072,1.26087
1135,2023-05-09 00:27:21,1.26068,1.26083
1136,2023-05-09 00:27:22,1.26067,1.26082
1137,2023-05-09 00:27:27,1.26068,1.26083
1138,2023-05-09 00:27:28,1.26067,1.26082
1139,2023-05-09 00:27:29,1.260695,1.260845
1141,2023-05-09 00:27:30,1.26068,1.26083
1142,2023-05-09 00:27:31,1.2607,1.26085
1143,2023-05-09 00:27:33,1.26071,1.26086
1144,2023-05-09 00:27:35,1.2607300000000001,1.26088
1145,2023-05-09 00:27:37,1.260745,1.260895
1147,2023-05-09 00:27:41,1.2607300000000001,1.26088
1148,2023-05-09 00:27:42,1.26072,1.26087
1149,2023-05-09 00:27:44,1.2607300000000001,1.26088
1150,2023-05-09 00:27:55,1.2607149999999998,1.260865
1152,2023-05-09 00:27:56,1.260705,1.260855
1154,2023-05-09 00:27:57,1.26074,1.26089
1155,2023-05-09 00:28:00,1.26074,1.26089
1156,2023-05-09 00:28:04,1.2607599999999999,1.26091
1159,2023-05-09 00:28:07,1.2607599999999999,1.26091
1160,2023-05-09 00:28:11,1.26077,1.26092
1161,2023-05-09 00:28:12,1.2607599999999999,1.26091
1162,2023-05-09 00:28:19,1.26075,1.2609
1163,2023-05-09 00:28:30,1.26074,1.26089
1164,2023-05-09 00:28:43,1.2607599999999999,1.26091
1165,2023-05-09 00:28:44,1.26077,1.26092
1166,2023-05-09 00:28:46,1.2607599999999999,1.26091
1169,2023-05-09 00:29:00,1.260755,1.260905
1171,2023-05-09 00:29:03,1.26077,1.26092
1172,2023-05-09 00:29:13,1.2607599999999999,1.26091
1173,2023-05-09 00:29:14,1.26077,1.26092
1174,2023-05-09 00:29:15,1.2607599999999999,1.26091
1175,2023-05-09 00:29:16,1.26077,1.26092
1176,2023-05-09 00:29:17,1.2607300000000001,1.26088
1177,2023-05-09 00:29:18,1.260675,1.260825
1179,2023-05-09 00:29:19,1.2606600000000001,1.26081
1180,2023-05-09 00:29:20,1.26072,1.2608700000000002
1182,2023-05-09 00:29:22,1.26074,1.26089
1183,2023-05-09 00:29:25,1.26075,1.2609
1186,2023-05-09 00:29:26,1.2607599999999999,1.26091
1187,2023-05-09 00:29:27,1.26077,1.26092
1188,2023-05-09 00:29:30,1.2607599999999999,1.26091
1191,2023-05-09 00:29:36,1.26075,1.2609
1192,2023-05-09 00:29:37,1.26074,1.26089
1193,2023-05-09 00:29:43,1.260755,1.260905
1195,2023-05-09 00:29:46,1.26075,1.2609
1196,2023-05-09 00:29:47,1.260755,1.260905
1198,2023-05-09 00:29:53,1.260765,1.260915
1200,2023-05-09 00:29:54,1.2607599999999999,1.26091
1201,2023-05-09 00:29:59,1.26077,1.26092
1202,2023-05-09 00:30:00,1.260765,1.260915
1204,2023-05-09 00:30:01,1.260775,1.260925
1206,2023-05-09 00:30:03,1.2607849999999998,1.260935
1208,2023-05-09 00:30:07,1.26077,1.26092
1209,2023-05-09 00:30:08,1.2607599999999999,1.26091
1210,2023-05-09 00:30:09,1.26079,1.26094
1211,2023-05-09 00:30:11,1.2608,1.26095
1212,2023-05-09 00:30:14,1.260835,1.260985
1214,2023-05-09 00:30:15,1.26081,1.26096
1215,2023-05-09 00:30:16,1.26081,1.2609599999999999
1217,2023-05-09 00:30:17,1.26085,1.2610000000000001
1219,2023-05-09 00:30:19,1.26087,1.26102
1220,2023-05-09 00:30:20,1.26088,1.2610299999999999
1221,2023-05-09 00:30:24,1.26086,1.26101
1222,2023-05-09 00:30:26,1.26085,1.2610000000000001
1223,2023-05-09 00:30:27,1.26084,1.26099
1224,2023-05-09 00:30:29,1.26085,1.2610000000000001
1225,2023-05-09 00:30:30,1.2608199999999998,1.26097
1227,2023-05-09 00:30:31,1.2608,1.26095
1230,2023-05-09 00:30:32,1.2608,1.26095
1231,2023-05-09 00:30:33,1.26081,1.26096
1232,2023-05-09 00:30:40,1.2608,1.26095
1233,2023-05-09 00:30:46,1.26084,1.26099
1234,2023-05-09 00:31:00,1.26084,1.26099
1235,2023-05-09 00:31:03,1.2608700000000002,1.2610199999999998
1237,2023-05-09 00:31:16,1.260885,1.261035
1239,2023-05-09 00:31:22,1.26087,1.26102
1240,2023-05-09 00:31:23,1.260875,1.261025
1242,2023-05-09 00:31:24,1.26086,1.26101
1243,2023-05-09 00:31:26,1.26087,1.26102
1244,2023-05-09 00:31:37,1.26086,1.26101
1245,2023-05-09 00:31:42,1.2609,1.26105
1246,2023-05-09 00:31:43,1.26087,1.26102
1249,2023-05-09 00:31:50,1.26086,1.26101
1250,2023-05-09 00:31:51,1.26087,1.26102
1251,2023-05-09 00:31:54,1.26086,1.26101
1252,2023-05-09 00:31:57,1.26087,1.26102
1253,2023-05-09 00:32:00,1.260865,1.261015
1255,2023-05-09 00:32:02,1.26087,1.26102
1256,2023-05-09 00:32:03,1.26088,1.2610299999999999
1257,2023-05-09 00:32:04,1.26089,1.26104
1258,2023-05-09 00:32:05,1.260875,1.261025
1260,2023-05-09 00:32:07,1.26088,1.2610299999999999
1264,2023-05-09 00:32:19,1.26089,1.26104
1265,2023-05-09 00:32:20,1.26087,1.26102
1266,2023-05-09 00:32:25,1.260855,1.261005
1268,2023-05-09 00:32:44,1.260815,1.2609650000000001
1270,2023-05-09 00:32:47,1.2608,1.26095
1271,2023-05-09 00:32:50,1.26082,1.26097
1272,2023-05-09 00:32:53,1.26083,1.26098
1273,2023-05-09 00:32:55,1.260805,1.260955
1275,2023-05-09 00:32:59,1.26079,1.26094
1276,2023-05-09 00:33:00,1.26079,1.26094
1277,2023-05-09 00:33:01,1.26077,1.26092
1280,2023-05-09 00:33:02,1.26078,1.26093
1281,2023-05-09 00:33:04,1.26079,1.26094
1282,2023-05-09 00:33:05,1.26077,1.26092
1283,2023-05-09 00:33:12,1.2607599999999999,1.26091
1284,2023-05-09 00:33:16,1.260745,1.260895
1286,2023-05-09 00:33:20,1.2607300000000001,1.26088
1287,2023-05-09 00:33:25,1.26071,1.26086
1289,2023-05-09 00:33:26,1.26072,1.26087
1290,2023-05-09 00:33:27,1.2607300000000001,1.26088
1291,2023-05-09 00:33:30,1.26075,1.2609
1292,2023-05-09 00:33:36,1.260775,1.260925
1294,2023-05-09 00:33:37,1.26078,1.26093
1297,2023-05-09 00:33:38,1.260775,1.260925
1299,2023-05-09 00:33:39,1.26079,1.26094
1300,2023-05-09 00:33:40,1.260785,1.260935
1302,2023-05-09 00:33:42,1.2608,1.26095
1303,2023-05-09 00:33:43,1.26081,1.26096
1304,2023-05-09 00:33:44,1.2608,1.26095
1305,2023-05-09 00:33:45,1.26079,1.26094
1306,2023-05-09 00:33:47,1.26078,1.26093
1307,2023-05-09 00:33:48,1.26079,1.26094
1308,2023-05-09 00:33:49,1.26078,1.26093
1309,2023-05-09 00:33:50,1.2608,1.26095
1310,2023-05-09 00:33:51,1.26079,1.26094
1311,2023-05-09 00:33:52,1.2608,1.26095
1312,2023-05-09 00:33:53,1.26079,1.26094
1313,2023-05-09 00:33:54,1.2608,1.26095
1314,2023-05-09 00:33:56,1.26077,1.26092
1315,2023-05-09 00:33:58,1.260775,1.260925
1317,2023-05-09 00:34:00,1.26077,1.26092
1318,2023-05-09 00:34:16,1.26078,1.26093
1319,2023-05-09 00:34:20,1.26077,1.26092
1320,2023-05-09 00:34:23,1.260775,1.260925
1322,2023-05-09 00:34:30,1.26078,1.26093
1323,2023-05-09 00:34:31,1.260775,1.260925
1325,2023-05-09 00:34:32,1.26077,1.26092
1326,2023-05-09 00:34:34,1.26078,1.26093
1327,2023-05-09 00:34:35,1.260775,1.260925
1329,2023-05-09 00:34:36,1.2607599999999999,1.26091
1330,2023-05-09 00:34:42,1.260765,1.260915
1332,2023-05-09 00:34:47,1.26077,1.26092
1333,2023-05-09 00:34:49,1.2607599999999999,1.26091
1334,2023-05-09 00:34:54,1.26075,1.2609
1335,2023-05-09 00:35:00,1.26075,1.2609
1336,2023-05-09 00:35:05,1.2607599999999999,1.26091
1337,2023-05-09 00:35:15,1.26077,1.26092
1338,2023-05-09 00:35:21,1.2607599999999999,1.26091
1339,2023-05-09 00:35:24,1.26077,1.26092
1340,2023-05-09 00:35:25,1.2607599999999999,1.26091
1341,2023-05-09 00:35:27,1.26075,1.2609
1342,2023-05-09 00:35:35,1.2607599999999999,1.26091
1343,2023-05-09 00:35:41,1.26078,1.26093
1344,2023-05-09 00:35:42,1.26077,1.26092
1345,2023-05-09 00:35:47,1.2607599999999999,1.26091
1346,2023-05-09 00:35:52,1.26075,1.2609
1347,2023-05-09 00:35:57,1.26074,1.26089
1348,2023-05-09 00:35:58,1.2607300000000001,1.26088
1349,2023-05-09 00:36:00,1.2607300000000001,1.26088
1350,2023-05-09 00:36:06,1.26072,1.26087
1351,2023-05-09 00:36:11,1.2607300000000001,1.26088
1352,2023-05-09 00:36:12,1.26072,1.26087
1353,2023-05-09 00:36:16,1.2607300000000001,1.26088
1354,2023-05-09 00:36:17,1.26071,1.26086
1355,2023-05-09 00:36:18,1.2606899999999999,1.26084
1357,2023-05-09 00:36:26,1.260685,1.260835
1359,2023-05-09 00:36:27,1.260665,1.260815
1361,2023-05-09 00:36:29,1.26065,1.2608
1362,2023-05-09 00:37:00,1.26065,1.2608
1363,2023-05-09 00:37:04,1.26063,1.26078
1364,2023-05-09 00:37:05,1.26064,1.26079
1365,2023-05-09 00:37:15,1.26065,1.2608
1366,2023-05-09 00:37:21,1.2606600000000001,1.26081
1367,2023-05-09 00:37:26,1.26067,1.26082
1368,2023-05-09 00:37:27,1.2606600000000001,1.26081
1369,2023-05-09 00:37:28,1.26064,1.26079
1370,2023-05-09 00:37:30,1.26065,1.2608
1371,2023-05-09 00:37:32,1.260655,1.260805
1373,2023-05-09 00:37:41,1.2606600000000001,1.26081
1374,2023-05-09 00:37:48,1.26065,1.2608000000000001
1376,2023-05-09 00:37:59,1.2606600000000001,1.26081
1379,2023-05-09 00:38:00,1.26067,1.26082
1380,2023-05-09 00:38:01,1.2606600000000001,1.26081
1381,2023-05-09 00:38:05,1.26067,1.26082
1382,2023-05-09 00:38:09,1.2606600000000001,1.26081
1383,2023-05-09 00:38:12,1.26065,1.2608
1384,2023-05-09 00:38:14,1.2606600000000001,1.26081
1385,2023-05-09 00:38:15,1.26067,1.26082
1386,2023-05-09 00:38:19,1.26075,1.2609
1387,2023-05-09 00:38:25,1.2607599999999999,1.26091
1388,2023-05-09 00:38:28,1.26077,1.26092
1389,2023-05-09 00:38:35,1.2607599999999999,1.26091
1390,2023-05-09 00:38:36,1.26077,1.26092
1391,2023-05-09 00:38:39,1.2607499999999998,1.2609
1393,2023-05-09 00:38:41,1.26075,1.2609
1394,2023-05-09 00:38:47,1.26074,1.26089
1395,2023-05-09 00:38:49,1.26075,1.2609
1396,2023-05-09 00:38:52,1.2607599999999999,1.26091
1397,2023-05-09 00:38:58,1.26077,1.26092
1398,2023-05-09 00:39:00,1.26077,1.26092
1399,2023-05-09 00:39:29,1.2607599999999999,1.26091
1400,2023-05-09 00:39:40,1.2607599999999999,1.26091
1403,2023-05-09 00:39:43,1.2607300000000001,1.26088
1404,2023-05-09 00:39:50,1.26071,1.26086
1405,2023-05-09 00:39:51,1.2607,1.26085
1406,2023-05-09 00:39:52,1.26071,1.26086
1407,2023-05-09 00:39:54,1.2607300000000001,1.26088
1408,2023-05-09 00:39:55,1.26074,1.26089
1409,2023-05-09 00:39:57,1.260715,1.260865
1411,2023-05-09 00:39:58,1.2607,1.26085
1412,2023-05-09 00:39:59,1.260685,1.260835
1414,2023-05-09 00:40:00,1.26068,1.26083
1417,2023-05-09 00:40:01,1.26067,1.26082
1418,2023-05-09 00:40:02,1.26068,1.26083
1419,2023-05-09 00:40:03,1.26067,1.26082
1420,2023-05-09 00:40:08,1.260675,1.260825
1422,2023-05-09 00:40:11,1.260665,1.260815
1424,2023-05-09 00:40:16,1.260695,1.260845
1426,2023-05-09 00:40:17,1.2606899999999999,1.26084
1427,2023-05-09 00:40:24,1.26067,1.26082
1428,2023-05-09 00:40:32,1.26068,1.26083
1429,2023-05-09 00:40:38,1.2606899999999999,1.26084
1430,2023-05-09 00:40:40,1.26068,1.26083
1431,2023-05-09 00:40:45,1.2606899999999999,1.26084
1432,2023-05-09 00:40:50,1.26068,1.26083
1433,2023-05-09 00:40:51,1.260685,1.260835
1435,2023-05-09 00:40:53,1.26067,1.26082
1436,2023-05-09 00:40:54,1.26068,1.26083
1437,2023-05-09 00:41:00,1.26068,1.26083
1438,2023-05-09 00:41:11,1.2606899999999999,1.26084
1439,2023-05-09 00:41:17,1.260715,1.260865
1441,2023-05-09 00:41:19,1.2607,1.26085
1442,2023-05-09 00:41:20,1.2606899999999999,1.26084
1445,2023-05-09 00:41:21,1.26068,1.26083
1446,2023-05-09 00:41:28,1.26067,1.26082
1447,2023-05-09 00:41:30,1.260675,1.260825
1449,2023-05-09 00:41:37,1.26068,1.26083
1450,2023-05-09 00:41:49,1.260665,1.260815
1452,2023-05-09 00:41:59,1.26067,1.26082
1453,2023-05-09 00:42:00,1.26067,1.26082
1454,2023-05-09 00:42:01,1.2606600000000001,1.26081
1455,2023-05-09 00:42:04,1.260675,1.260825
1457,2023-05-09 00:42:22,1.26067,1.26082
1458,2023-05-09 00:42:35,1.26068,1.26083
1459,2023-05-09 00:42:39,1.2606899999999999,1.26084
1460,2023-05-09 00:42:41,1.26068,1.26083
1461,2023-05-09 00:42:43,1.26067,1.26082
1462,2023-05-09 00:42:53,1.2606600000000001,1.26081
1463,2023-05-09 00:42:56,1.260605,1.260755
1465,2023-05-09 00:43:00,1.26057,1.26072
1466,2023-05-09 00:43:09,1.26056,1.26071
1467,2023-05-09 00:43:10,1.260555,1.260705
1469,2023-05-09 00:43:11,1.26057,1.26072
1470,2023-05-09 00:43:15,1.26056,1.26071
1471,2023-05-09 00:43:22,1.26057,1.26072
1472,2023-05-09 00:43:33,1.26058,1.2607300000000001
1473,2023-05-09 00:43:38,1.26057,1.26072
1474,2023-05-09 00:43:50,1.26058,1.2607300000000001
1475,2023-05-09 00:43:59,1.26059,1.26074
1476,2023-05-09 00:44:00,1.26059,1.26074
1477,2023-05-09 00:44:13,1.260585,1.260735
1479,2023-05-09 00:44:15,1.26058,1.2607300000000001
1480,2023-05-09 00:44:25,1.26057,1.26072
1481,2023-05-09 00:44:46,1.26055,1.2607
1482,2023-05-09 00:44:47,1.260565,1.260715
1484,2023-05-09 00:44:49,1.260545,1.260695
1486,2023-05-09 00:44:50,1.26056,1.26071
1487,2023-05-09 00:44:52,1.26055,1.2607
1488,2023-05-09 00:44:53,1.260525,1.260675
1490,2023-05-09 00:44:57,1.26054,1.2606899999999999
1491,2023-05-09 00:44:58,1.26055,1.2607
1494,2023-05-09 00:45:00,1.260545,1.260695
1498,2023-05-09 00:45:02,1.26056,1.26071
1501,2023-05-09 00:45:05,1.26055,1.2607
1502,2023-05-09 00:45:11,1.26057,1.26072
1503,2023-05-09 00:45:26,1.260555,1.260705
1505,2023-05-09 00:45:29,1.260565,1.260715
1507,2023-05-09 00:45:30,1.260555,1.260705
1509,2023-05-09 00:45:31,1.26054,1.2606899999999999
1510,2023-05-09 00:45:32,1.26055,1.2607
1511,2023-05-09 00:45:33,1.260545,1.260695
1513,2023-05-09 00:45:39,1.26054,1.2606899999999999
1514,2023-05-09 00:45:40,1.26055,1.2607
1515,2023-05-09 00:45:41,1.26057,1.26072
1516,2023-05-09 00:45:45,1.26058,1.2607300000000001
1517,2023-05-09 00:45:54,1.26059,1.26074
1518,2023-05-09 00:45:55,1.2606899999999999,1.26084
1521,2023-05-09 00:46:00,1.2606899999999999,1.26084
1522,2023-05-09 00:46:01,1.2607,1.26085
1523,2023-05-09 00:46:02,1.2606899999999999,1.26084
1524,2023-05-09 00:46:06,1.26068,1.26083
1525,2023-05-09 00:46:08,1.2607,1.26085
1528,2023-05-09 00:46:11,1.26074,1.26089
1529,2023-05-09 00:46:28,1.26075,1.2609
1530,2023-05-09 00:46:29,1.26074,1.26089
1531,2023-05-09 00:46:37,1.26075,1.2609
1532,2023-05-09 00:46:39,1.2607599999999999,1.26091
1535,2023-05-09 00:46:40,1.26075,1.2609
1536,2023-05-09 00:46:55,1.26074,1.26089
1537,2023-05-09 00:46:57,1.26075,1.2609
1538,2023-05-09 00:47:00,1.26075,1.2609
1539,2023-05-09 00:47:05,1.260715,1.260865
1541,2023-05-09 00:47:06,1.2607300000000001,1.26088
1542,2023-05-09 00:47:10,1.260705,1.2608549999999998
1544,2023-05-09 00:47:17,1.26068,1.26083
1545,2023-05-09 00:47:23,1.2606899999999999,1.26084
1546,2023-05-09 00:47:27,1.2607,1.26085
1547,2023-05-09 00:47:30,1.260685,1.260835
1549,2023-05-09 00:47:31,1.260675,1.260825
1551,2023-05-09 00:47:36,1.2606899999999999,1.26084
1552,2023-05-09 00:47:38,1.26068,1.26083
1553,2023-05-09 00:47:39,1.2606899999999999,1.26084
1554,2023-05-09 00:47:47,1.26068,1.26083
1555,2023-05-09 00:47:48,1.2606899999999999,1.26084
1556,2023-05-09 00:47:51,1.26068,1.26083
1557,2023-05-09 00:47:58,1.2606899999999999,1.26084
1558,2023-05-09 00:48:00,1.2606899999999999,1.26084
1559,2023-05-09 00:48:01,1.26068,1.26083
1560,2023-05-09 00:48:10,1.2607,1.26085
1562,2023-05-09 00:48:11,1.2607300000000001,1.26088
1563,2023-05-09 00:48:12,1.26071,1.26086
1564,2023-05-09 00:48:13,1.260705,1.260855
1568,2023-05-09 00:48:15,1.26072,1.26087
1569,2023-05-09 00:48:16,1.26074,1.26089
1570,2023-05-09 00:48:17,1.260745,1.260895
1572,2023-05-09 00:48:18,1.26075,1.2609
1573,2023-05-09 00:48:19,1.26074,1.26089
1574,2023-05-09 00:48:20,1.26075,1.2609
1575,2023-05-09 00:48:22,1.260735,1.260885
1577,2023-05-09 00:48:23,1.26072,1.26087
1578,2023-05-09 00:48:25,1.260735,1.260885
1580,2023-05-09 00:48:26,1.2607400000000002,1.2608899999999998
1582,2023-05-09 00:48:28,1.260755,1.260905
1584,2023-05-09 00:48:29,1.2607599999999999,1.26091
1587,2023-05-09 00:48:30,1.26077,1.26092
1588,2023-05-09 00:48:31,1.26074,1.26089
1589,2023-05-09 00:48:32,1.26072,1.26087
1590,2023-05-09 00:48:33,1.2607400000000002,1.2608899999999998
1592,2023-05-09 00:48:34,1.26074,1.26089
1593,2023-05-09 00:48:38,1.26075,1.2609
1594,2023-05-09 00:48:40,1.2607599999999999,1.26091
1595,2023-05-09 00:48:41,1.26079,1.26094
1596,2023-05-09 00:48:44,1.26078,1.26093
1597,2023-05-09 00:48:47,1.260785,1.260935
1599,2023-05-09 00:48:50,1.260785,1.260935
1601,2023-05-09 00:48:51,1.260785,1.260935
1603,2023-05-09 00:48:52,1.26079,1.26094
1604,2023-05-09 00:48:54,1.26078,1.26093
1605,2023-05-09 00:49:00,1.260805,1.260955
1607,2023-05-09 00:49:01,1.26086,1.26101
1608,2023-05-09 00:49:02,1.260865,1.261015
1610,2023-05-09 00:49:03,1.26087,1.26102
1611,2023-05-09 00:49:05,1.26089,1.26104
1612,2023-05-09 00:49:06,1.26088,1.2610299999999999
1613,2023-05-09 00:49:09,1.26087,1.26102
1614,2023-05-09 00:49:17,1.260845,1.260995
1616,2023-05-09 00:49:18,1.26086,1.26101
1617,2023-05-09 00:49:24,1.26087,1.26102
1618,2023-05-09 00:49:26,1.26088,1.2610299999999999
1619,2023-05-09 00:49:29,1.26087,1.26102
1620,2023-05-09 00:49:31,1.26088,1.2610299999999999
1621,2023-05-09 00:49:34,1.26087,1.26102
1622,2023-05-09 00:49:38,1.26088,1.2610299999999999
1623,2023-05-09 00:49:41,1.26087,1.26102
1624,2023-05-09 00:49:49,1.26089,1.26104
1625,2023-05-09 00:49:54,1.26087,1.26102
1626,2023-05-09 00:49:55,1.26086,1.26101
1627,2023-05-09 00:49:59,1.26085,1.2610000000000001
1628,2023-05-09 00:50:00,1.26085,1.2610000000000001
1629,2023-05-09 00:50:05,1.260765,1.260915
1631,2023-05-09 00:50:06,1.26075,1.2609
1632,2023-05-09 00:50:09,1.2607599999999999,1.26091
1633,2023-05-09 00:50:14,1.26075,1.2609
1634,2023-05-09 00:50:15,1.2607599999999999,1.26091
1635,2023-05-09 00:50:19,1.260755,1.260905
1637,2023-05-09 00:50:20,1.26075,1.2609
1638,2023-05-09 00:50:24,1.26074,1.26089
1639,2023-05-09 00:50:27,1.26075,1.2609
1640,2023-05-09 00:50:30,1.2607599999999999,1.26091
1641,2023-05-09 00:50:35,1.2607249999999999,1.260875
1643,2023-05-09 00:50:36,1.26072,1.26087
1646,2023-05-09 00:50:39,1.26074,1.26089
1647,2023-05-09 00:50:41,1.2607599999999999,1.26091
1648,2023-05-09 00:50:46,1.26077,1.26092
1649,2023-05-09 00:50:52,1.260775,1.260925
1651,2023-05-09 00:51:00,1.260775,1.260925
1653,2023-05-09 00:51:05,1.26079,1.26094
1654,2023-05-09 00:51:07,1.26078,1.26093
1655,2023-05-09 00:51:08,1.26079,1.26094
1656,2023-05-09 00:51:14,1.26082,1.26097
1657,2023-05-09 00:51:20,1.260805,1.260955
1659,2023-05-09 00:51:21,1.2608,1.26095
1660,2023-05-09 00:51:29,1.26079,1.26094
1661,2023-05-09 00:51:30,1.2607949999999999,1.260945
1663,2023-05-09 00:51:31,1.26081,1.26096
1664,2023-05-09 00:51:33,1.2608000000000001,1.26095
1666,2023-05-09 00:51:36,1.26082,1.26097
1667,2023-05-09 00:51:37,1.26083,1.26098
1668,2023-05-09 00:51:39,1.26084,1.26099
1669,2023-05-09 00:51:40,1.26085,1.2610000000000001
1670,2023-05-09 00:51:43,1.260845,1.260995
1672,2023-05-09 00:51:47,1.26084,1.26099
1673,2023-05-09 00:51:52,1.26085,1.2610000000000001
1674,2023-05-09 00:51:54,1.26084,1.26099
1675,2023-05-09 00:51:59,1.26082,1.26097
1676,2023-05-09 00:52:00,1.26081,1.2609599999999999
1678,2023-05-09 00:52:01,1.26081,1.26096
1679,2023-05-09 00:52:02,1.2608,1.26095
1680,2023-05-09 00:52:03,1.26081,1.26096
1681,2023-05-09 00:52:06,1.26082,1.26097
1682,2023-05-09 00:52:09,1.26083,1.26098
1683,2023-05-09 00:52:10,1.26084,1.26099
1684,2023-05-09 00:52:12,1.26083,1.26098
1685,2023-05-09 00:52:13,1.26085,1.2610000000000001
1686,2023-05-09 00:52:18,1.26083,1.26098
1687,2023-05-09 00:52:20,1.26082,1.26097
1688,2023-05-09 00:52:21,1.26083,1.26098
1689,2023-05-09 00:52:22,1.26084,1.26099
1690,2023-05-09 00:52:24,1.26082,1.26097
1691,2023-05-09 00:52:25,1.2607949999999999,1.260945
1693,2023-05-09 00:52:27,1.2608,1.26095
1694,2023-05-09 00:52:28,1.2608199999999998,1.26097
1696,2023-05-09 00:52:29,1.260825,1.260975
1698,2023-05-09 00:52:31,1.26084,1.26099
1699,2023-05-09 00:52:32,1.26082,1.26097
1702,2023-05-09 00:52:33,1.26082,1.26097
1703,2023-05-09 00:52:34,1.26081,1.26096
1706,2023-05-09 00:52:35,1.26079,1.26094
1707,2023-05-09 00:52:37,1.26078,1.26093
1710,2023-05-09 00:52:42,1.2607599999999999,1.26091
1711,2023-05-09 00:52:44,1.26078,1.26093
1712,2023-05-09 00:52:48,1.26079,1.26094
1713,2023-05-09 00:52:51,1.2608,1.26095
1714,2023-05-09 00:52:53,1.26081,1.26096
1715,2023-05-09 00:52:54,1.2608,1.26095
1716,2023-05-09 00:52:55,1.260805,1.260955
1718,2023-05-09 00:52:57,1.26081,1.26096
1719,2023-05-09 00:52:58,1.2608,1.26095
1720,2023-05-09 00:52:59,1.26081,1.26096
1721,2023-05-09 00:53:00,1.26081,1.26096
1722,2023-05-09 00:53:04,1.260805,1.260955
1724,2023-05-09 00:53:05,1.2608,1.26095
1725,2023-05-09 00:53:08,1.26079,1.26094
1728,2023-05-09 00:53:11,1.26078,1.26093
1729,2023-05-09 00:53:12,1.2607599999999999,1.26091
1730,2023-05-09 00:53:13,1.260745,1.260895
1732,2023-05-09 00:53:14,1.26075,1.2609
1733,2023-05-09 00:53:18,1.2607300000000001,1.26088
1734,2023-05-09 00:53:19,1.26074,1.26089
1735,2023-05-09 00:53:20,1.26075,1.2609
1736,2023-05-09 00:53:22,1.2607599999999999,1.26091
1737,2023-05-09 00:53:23,1.260755,1.260905
1739,2023-05-09 00:53:24,1.26077,1.26092
1740,2023-05-09 00:53:25,1.2607599999999999,1.26091
1741,2023-05-09 00:53:28,1.26077,1.26092
1744,2023-05-09 00:53:29,1.2607599999999999,1.26091
1745,2023-05-09 00:53:30,1.26074,1.26089
1746,2023-05-09 00:53:34,1.26072,1.26087
1747,2023-05-09 00:53:35,1.2607300000000001,1.26088
1748,2023-05-09 00:53:42,1.26075,1.2609
1749,2023-05-09 00:53:46,1.2607599999999999,1.26091
1750,2023-05-09 00:53:50,1.2607300000000001,1.26088
1751,2023-05-09 00:53:51,1.26074,1.26089
1752,2023-05-09 00:53:54,1.2607300000000001,1.26088
1753,2023-05-09 00:53:55,1.26072,1.26087
1754,2023-05-09 00:53:58,1.26071,1.26086
1755,2023-05-09 00:54:00,1.26068,1.26083
1758,2023-05-09 00:54:02,1.260675,1.260825
1760,2023-05-09 00:54:04,1.26067,1.26082
1761,2023-05-09 00:54:05,1.2606600000000001,1.26081
1762,2023-05-09 00:54:06,1.26067,1.26082
1763,2023-05-09 00:54:10,1.26068,1.26083
1764,2023-05-09 00:54:11,1.26067,1.26082
1765,2023-05-09 00:54:14,1.26068,1.26083
1766,2023-05-09 00:54:15,1.26067,1.26082
1767,2023-05-09 00:54:16,1.26068,1.26083
1768,2023-05-09 00:54:17,1.260695,1.260845
1770,2023-05-09 00:54:18,1.26071,1.26086
1771,2023-05-09 00:54:19,1.26072,1.26087
1772,2023-05-09 00:54:20,1.2607300000000001,1.26088
1773,2023-05-09 00:54:21,1.26071,1.26086
1774,2023-05-09 00:54:26,1.2606899999999999,1.26084
1775,2023-05-09 00:54:27,1.26068,1.26083
1776,2023-05-09 00:54:29,1.2607,1.26085
1779,2023-05-09 00:54:32,1.2606899999999999,1.26084
1780,2023-05-09 00:54:34,1.260675,1.260825
1782,2023-05-09 00:54:36,1.26068,1.26083
1783,2023-05-09 00:54:37,1.26067,1.26082
1784,2023-05-09 00:54:39,1.2606600000000001,1.26081
1785,2023-05-09 00:54:42,1.26067,1.26082
1786,2023-05-09 00:54:43,1.260655,1.260805
1788,2023-05-09 00:54:44,1.26065,1.2608
1791,2023-05-09 00:54:45,1.26065,1.2608
1792,2023-05-09 00:54:47,1.260665,1.260815
1794,2023-05-09 00:54:48,1.26065,1.2608
1795,2023-05-09 00:54:49,1.26064,1.26079
1796,2023-05-09 00:54:52,1.26063,1.26078
1798,2023-05-09 00:54:53,1.26064,1.26079
1800,2023-05-09 00:54:54,1.26062,1.26077
1801,2023-05-09 00:54:55,1.26063,1.26078
1802,2023-05-09 00:54:56,1.260625,1.260775
1804,2023-05-09 00:54:57,1.26065,1.2608
1805,2023-05-09 00:54:58,1.2606600000000001,1.26081
1806,2023-05-09 00:54:59,1.260625,1.260775
1808,2023-05-09 00:55:00,1.260595,1.260745
1812,2023-05-09 00:55:01,1.26062,1.26077
1815,2023-05-09 00:55:02,1.26062,1.26077
1818,2023-05-09 00:55:03,1.260645,1.2607949999999999
1820,2023-05-09 00:55:05,1.2606600000000001,1.26081
1821,2023-05-09 00:55:09,1.26067,1.26082
1822,2023-05-09 00:55:31,1.2606600000000001,1.26081
1823,2023-05-09 00:55:33,1.26065,1.2608
1824,2023-05-09 00:55:34,1.26064,1.26079
1825,2023-05-09 00:55:35,1.26065,1.2608
1826,2023-05-09 00:55:36,1.26064,1.26079
1827,2023-05-09 00:55:40,1.26063,1.26078
1828,2023-05-09 00:55:41,1.26062,1.26077
1829,2023-05-09 00:55:42,1.260615,1.260765
1831,2023-05-09 00:55:44,1.26064,1.26079
1832,2023-05-09 00:55:47,1.26065,1.2608
1833,2023-05-09 00:55:48,1.2606600000000001,1.26081
1834,2023-05-09 00:55:55,1.26067,1.26082
1835,2023-05-09 00:55:58,1.2606600000000001,1.26081
1836,2023-05-09 00:55:59,1.26067,1.26082
1837,2023-05-09 00:56:00,1.26067,1.26082
1838,2023-05-09 00:56:02,1.26068,1.26083
1839,2023-05-09 00:56:03,1.26072,1.26087
1840,2023-05-09 00:56:04,1.26077,1.26092
1841,2023-05-09 00:56:05,1.26078,1.26093
1842,2023-05-09 00:56:06,1.26078,1.26093
1844,2023-05-09 00:56:07,1.260785,1.260935
1846,2023-05-09 00:56:08,1.26078,1.26093
1847,2023-05-09 00:56:10,1.26079,1.26094
1848,2023-05-09 00:56:11,1.26082,1.26097
1851,2023-05-09 00:56:12,1.260855,1.261005
1853,2023-05-09 00:56:13,1.26083,1.26098
1855,2023-05-09 00:56:15,1.2607949999999999,1.260945
1857,2023-05-09 00:56:16,1.260885,1.261035
1861,2023-05-09 00:56:17,1.260905,1.261055
1863,2023-05-09 00:56:18,1.26098,1.26113
1866,2023-05-09 00:56:19,1.26104,1.26119
1867,2023-05-09 00:56:20,1.2610299999999999,1.26118
1868,2023-05-09 00:56:26,1.26097,1.26112
1869,2023-05-09 00:56:27,1.26096,1.26111
1872,2023-05-09 00:56:28,1.260975,1.261125
1874,2023-05-09 00:56:31,1.26095,1.2610999999999999
1875,2023-05-09 00:56:32,1.26096,1.26111
1876,2023-05-09 00:56:33,1.260925,1.261075
1878,2023-05-09 00:56:34,1.26091,1.26106
1879,2023-05-09 00:56:37,1.2609,1.26105
1880,2023-05-09 00:56:41,1.26091,1.26106
1881,2023-05-09 00:56:42,1.26092,1.2610700000000001
1882,2023-05-09 00:56:43,1.26094,1.26109
1883,2023-05-09 00:56:47,1.26092,1.2610700000000001
1886,2023-05-09 00:56:48,1.26091,1.26106
1887,2023-05-09 00:56:49,1.26092,1.2610700000000001
1888,2023-05-09 00:56:50,1.26089,1.26104
1889,2023-05-09 00:56:51,1.2609,1.26105
1890,2023-05-09 00:56:55,1.260895,1.261045
1892,2023-05-09 00:56:56,1.26091,1.26106
1893,2023-05-09 00:56:57,1.2609,1.26105
1894,2023-05-09 00:57:00,1.2609,1.26105
1895,2023-05-09 00:57:02,1.260905,1.261055
1897,2023-05-09 00:57:03,1.26093,1.26108
1898,2023-05-09 00:57:04,1.26094,1.26109
1899,2023-05-09 00:57:06,1.26095,1.2610999999999999
1900,2023-05-09 00:57:09,1.26094,1.26109
1901,2023-05-09 00:57:10,1.26095,1.2610999999999999
1902,2023-05-09 00:57:11,1.26096,1.26111
1903,2023-05-09 00:57:24,1.260945,1.261095
1905,2023-05-09 00:57:27,1.26093,1.26108
1906,2023-05-09 00:57:28,1.260925,1.261075
1908,2023-05-09 00:57:29,1.26092,1.2610700000000001
1909,2023-05-09 00:57:31,1.26091,1.26106
1910,2023-05-09 00:57:32,1.26092,1.2610700000000001
1911,2023-05-09 00:57:34,1.26093,1.26108
1912,2023-05-09 00:57:35,1.260905,1.261055
1914,2023-05-09 00:57:37,1.2609,1.26105
1916,2023-05-09 00:57:41,1.260905,1.261055
1918,2023-05-09 00:57:43,1.26092,1.2610700000000001
1919,2023-05-09 00:57:47,1.260945,1.261095
1921,2023-05-09 00:57:48,1.26095,1.2610999999999999
1922,2023-05-09 00:57:51,1.26096,1.26111
1923,2023-05-09 00:57:57,1.26097,1.26112
1924,2023-05-09 00:57:58,1.26096,1.26111
1925,2023-05-09 00:57:59,1.26095,1.2610999999999999
1926,2023-05-09 00:58:00,1.26094,1.26109
1929,2023-05-09 00:58:01,1.2609400000000002,1.2610899999999998
1931,2023-05-09 00:58:02,1.26094,1.26109
1932,2023-05-09 00:58:03,1.260945,1.261095
1934,2023-05-09 00:58:06,1.26095,1.2610999999999999
1935,2023-05-09 00:58:08,1.26094,1.26109
1936,2023-05-09 00:58:09,1.26095,1.2610999999999999
1937,2023-05-09 00:58:10,1.2609650000000001,1.261115
1939,2023-05-09 00:58:11,1.260985,1.261135
1941,2023-05-09 00:58:20,1.26099,1.26114
1942,2023-05-09 00:58:21,1.26098,1.26113
1943,2023-05-09 00:58:22,1.26097,1.26112
1944,2023-05-09 00:58:23,1.26098,1.26113
1945,2023-05-09 00:58:26,1.26099,1.26114
1946,2023-05-09 00:58:29,1.2610000000000001,1.26115
1947,2023-05-09 00:58:37,1.26099,1.26114
1948,2023-05-09 00:58:42,1.260975,1.261125
1950,2023-05-09 00:58:43,1.26096,1.26111
1953,2023-05-09 00:58:46,1.26092,1.2610700000000001
1955,2023-05-09 00:58:47,1.26092,1.2610700000000001
1956,2023-05-09 00:58:48,1.26091,1.26106
1957,2023-05-09 00:58:50,1.26095,1.2610999999999999
1958,2023-05-09 00:58:51,1.260945,1.261095
1960,2023-05-09 00:58:52,1.26095,1.2610999999999999
1963,2023-05-09 00:58:53,1.26095,1.2610999999999999
1964,2023-05-09 00:58:55,1.26096,1.26111
1965,2023-05-09 00:58:56,1.26095,1.2610999999999999
1966,2023-05-09 00:58:57,1.26096,1.26111
1967,2023-05-09 00:58:59,1.260955,1.261105
1969,2023-05-09 00:59:00,1.26096,1.26111
1970,2023-05-09 00:59:01,1.26095,1.2610999999999999
1971,2023-05-09 00:59:02,1.26096,1.26111
1972,2023-05-09 00:59:03,1.26097,1.26112
1973,2023-05-09 00:59:05,1.26096,1.26111
1974,2023-05-09 00:59:06,1.26098,1.26113
1975,2023-05-09 00:59:08,1.26097,1.26112
1976,2023-05-09 00:59:09,1.260975,1.261125
1978,2023-05-09 00:59:13,1.26096,1.26111
1979,2023-05-09 00:59:15,1.26097,1.26112
1980,2023-05-09 00:59:20,1.26096,1.26111
1981,2023-05-09 00:59:21,1.26095,1.2610999999999999
1982,2023-05-09 00:59:22,1.26097,1.26112
1983,2023-05-09 00:59:24,1.26096,1.26111
1984,2023-05-09 00:59:25,1.26097,1.26112
1985,2023-05-09 00:59:26,1.26095,1.2610999999999999
1986,2023-05-09 00:59:27,1.26093,1.26108
1987,2023-05-09 00:59:29,1.26096,1.26111
1988,2023-05-09 00:59:30,1.26095,1.2610999999999999
1989,2023-05-09 00:59:33,1.260955,1.261105
1991,2023-05-09 00:59:34,1.260935,1.261085
1993,2023-05-09 00:59:37,1.26091,1.26106
1996,2023-05-09 00:59:38,1.26087,1.26102
1997,2023-05-09 00:59:42,1.26086,1.26101
1998,2023-05-09 00:59:45,1.26087,1.26102
1999,2023-05-09 00:59:46,1.26088,1.2610299999999999
2000,2023-05-09 00:59:50,1.26087,1.26102
2001,2023-05-09 00:59:57,1.26088,1.2610299999999999
2002,2023-05-09 01:00:00,1.26088,1.2610299999999999
2003,2023-05-09 01:00:01,1.260875,1.261025
2005,2023-05-09 01:00:03,1.26087,1.26102
2006,2023-05-09 01:00:08,1.260845,1.2609949999999999
2008,2023-05-09 01:00:11,1.26082,1.26097
2009,2023-05-09 01:00:16,1.26083,1.26098
2010,2023-05-09 01:00:17,1.26085,1.2610000000000001
2011,2023-05-09 01:00:18,1.26086,1.26101
2012,2023-05-09 01:00:22,1.26085,1.2610000000000001
2013,2023-05-09 01:00:23,1.26086,1.26101
2014,2023-05-09 01:00:24,1.26087,1.26102
2015,2023-05-09 01:00:26,1.26086,1.26101
2016,2023-05-09 01:00:28,1.260845,1.260995
2018,2023-05-09 01:00:29,1.26086,1.26101
2019,2023-05-09 01:00:31,1.26085,1.2610000000000001
2020,2023-05-09 01:00:32,1.26086,1.26101
2021,2023-05-09 01:00:33,1.26085,1.2610000000000001
2022,2023-05-09 01:00:34,1.26086,1.26101
2023,2023-05-09 01:00:36,1.26087,1.26102
2024,2023-05-09 01:00:37,1.26086,1.26101
2025,2023-05-09 01:00:41,1.26087,1.26102
2026,2023-05-09 01:00:42,1.26086,1.26101
2027,2023-05-09 01:00:46,1.260855,1.261005
2029,2023-05-09 01:00:48,1.26085,1.2610000000000001
2030,2023-05-09 01:00:53,1.260835,1.260985
2032,2023-05-09 01:00:55,1.26081,1.26096
2033,2023-05-09 01:00:57,1.26082,1.26097
2034,2023-05-09 01:00:58,1.26081,1.26096
2035,2023-05-09 01:00:59,1.26082,1.26097
2036,2023-05-09 01:01:00,1.260825,1.260975
2038,2023-05-09 01:01:01,1.26083,1.26098
2040,2023-05-09 01:01:02,1.26081,1.26096
2041,2023-05-09 01:01:04,1.2607599999999999,1.26091
2042,2023-05-09 01:01:13,1.26074,1.26089
2043,2023-05-09 01:01:14,1.26075,1.2609
2044,2023-05-09 01:01:18,1.2607300000000001,1.26088
2048,2023-05-09 01:01:19,1.260705,1.260855
2050,2023-05-09 01:01:20,1.2606899999999999,1.26084
2051,2023-05-09 01:01:22,1.26068,1.26083
2052,2023-05-09 01:01:24,1.260685,1.260835
2054,2023-05-09 01:01:27,1.2606899999999999,1.26084
2058,2023-05-09 01:01:28,1.2607300000000001,1.26088
2059,2023-05-09 01:01:31,1.26074,1.26089
2060,2023-05-09 01:01:33,1.26075,1.2609
2061,2023-05-09 01:01:37,1.2607599999999999,1.26091
2062,2023-05-09 01:01:42,1.26075,1.2609
2063,2023-05-09 01:01:44,1.2607599999999999,1.26091
2064,2023-05-09 01:01:49,1.26077,1.26092
2065,2023-05-09 01:01:52,1.26077,1.26092
2068,2023-05-09 01:01:53,1.26077,1.26092
2069,2023-05-09 01:01:58,1.26078,1.26093
2070,2023-05-09 01:02:00,1.2608,1.26095
2073,2023-05-09 01:02:01,1.26085,1.2610000000000001
2074,2023-05-09 01:02:02,1.260845,1.2609949999999999
2076,2023-05-09 01:02:03,1.26084,1.26099
2078,2023-05-09 01:02:06,1.26084,1.26099
2079,2023-05-09 01:02:09,1.26085,1.2610000000000001
2080,2023-05-09 01:02:13,1.26086,1.26101
2081,2023-05-09 01:02:17,1.26087,1.26102
2082,2023-05-09 01:02:18,1.26086,1.26101
2083,2023-05-09 01:02:21,1.260865,1.261015
2085,2023-05-09 01:02:31,1.26087,1.26102
2086,2023-05-09 01:02:38,1.260865,1.261015
2088,2023-05-09 01:02:41,1.26086,1.26101
2089,2023-05-09 01:02:44,1.26087,1.26102
2090,2023-05-09 01:02:45,1.26086,1.26101
2091,2023-05-09 01:02:47,1.26087,1.26102
2092,2023-05-09 01:02:48,1.26088,1.2610299999999999
2093,2023-05-09 01:02:50,1.26089,1.26104
2094,2023-05-09 01:02:55,1.2609,1.26105
2095,2023-05-09 01:02:56,1.26092,1.2610700000000001
2096,2023-05-09 01:02:57,1.260935,1.261085
2098,2023-05-09 01:02:58,1.26093,1.26108
2099,2023-05-09 01:02:59,1.26092,1.2610700000000001
2100,2023-05-09 01:03:00,1.26092,1.2610700000000001
2101,2023-05-09 01:03:01,1.260935,1.261085
2103,2023-05-09 01:03:02,1.260915,1.261065
2105,2023-05-09 01:03:03,1.26092,1.2610700000000001
2106,2023-05-09 01:03:04,1.26093,1.26108
2107,2023-05-09 01:03:06,1.26096,1.26111
2110,2023-05-09 01:03:09,1.26098,1.26113
2111,2023-05-09 01:03:12,1.2609650000000001,1.261115
2113,2023-05-09 01:03:13,1.26095,1.2610999999999999
2114,2023-05-09 01:03:14,1.26096,1.26111
2115,2023-05-09 01:03:15,1.26097,1.26112
2116,2023-05-09 01:03:17,1.26098,1.26113
2117,2023-05-09 01:03:19,1.261035,1.261185
2119,2023-05-09 01:03:21,1.261015,1.261165
2121,2023-05-09 01:03:23,1.26102,1.26117
2122,2023-05-09 01:03:26,1.26105,1.2612
2123,2023-05-09 01:03:29,1.26106,1.26121
2124,2023-05-09 01:03:37,1.2610700000000001,1.26122
2125,2023-05-09 01:03:47,1.261065,1.261215
2127,2023-05-09 01:03:48,1.26106,1.26121
2128,2023-05-09 01:03:53,1.26105,1.2612
2129,2023-05-09 01:03:54,1.26106,1.26121
2130,2023-05-09 01:03:55,1.26108,1.26123
2131,2023-05-09 01:03:56,1.2610700000000001,1.26122
2132,2023-05-09 01:04:00,1.2610700000000001,1.26122
2133,2023-05-09 01:04:02,1.26109,1.26124
2134,2023-05-09 01:04:03,1.261075,1.261225
2136,2023-05-09 01:04:09,1.26109,1.26124
2137,2023-05-09 01:04:10,1.261085,1.261235
2141,2023-05-09 01:04:15,1.26108,1.26123
2142,2023-05-09 01:04:21,1.26109,1.26124
2145,2023-05-09 01:04:22,1.26108,1.26123
2148,2023-05-09 01:04:25,1.261085,1.261235
2150,2023-05-09 01:04:26,1.26109,1.26124
2151,2023-05-09 01:04:28,1.26108,1.26123
2152,2023-05-09 01:04:29,1.261085,1.261235
2154,2023-05-09 01:04:30,1.261085,1.261235
2156,2023-05-09 01:04:38,1.26111,1.26126
2159,2023-05-09 01:04:39,1.261155,1.261305
2161,2023-05-09 01:04:40,1.26115,1.2612999999999999
2162,2023-05-09 01:04:41,1.26113,1.26128
2163,2023-05-09 01:04:42,1.261135,1.261285
2165,2023-05-09 01:04:44,1.261125,1.261275
2167,2023-05-09 01:04:47,1.26114,1.26129
2168,2023-05-09 01:04:49,1.26112,1.2612700000000001
2169,2023-05-09 01:04:50,1.26113,1.26128
2170,2023-05-09 01:04:52,1.261135,1.261285
2172,2023-05-09 01:04:53,1.26112,1.2612700000000001
2173,2023-05-09 01:04:54,1.261115,1.261265
2175,2023-05-09 01:04:55,1.26111,1.26126
2176,2023-05-09 01:04:56,1.26112,1.2612700000000001
2177,2023-05-09 01:04:59,1.26111,1.26126
2178,2023-05-09 01:05:00,1.26112,1.2612700000000001
2179,2023-05-09 01:05:01,1.26111,1.26126
2180,2023-05-09 01:05:02,1.261125,1.261275
2182,2023-05-09 01:05:03,1.26111,1.26126
2183,2023-05-09 01:05:07,1.2610999999999999,1.26125
2184,2023-05-09 01:05:08,1.2610800000000002,1.2612299999999999
2186,2023-05-09 01:05:15,1.26108,1.26123
2187,2023-05-09 01:05:17,1.26109,1.26124
2190,2023-05-09 01:05:19,1.261105,1.261255
2192,2023-05-09 01:05:20,1.261105,1.261255
2194,2023-05-09 01:05:21,1.26112,1.2612700000000001
2195,2023-05-09 01:05:22,1.26111,1.26126
2196,2023-05-09 01:05:23,1.261115,1.261265
2198,2023-05-09 01:05:24,1.2610999999999999,1.26125
2199,2023-05-09 01:05:27,1.261095,1.261245
2201,2023-05-09 01:05:30,1.26109,1.26124
2204,2023-05-09 01:05:36,1.2610999999999999,1.26125
2205,2023-05-09 01:05:44,1.26114,1.26129
2206,2023-05-09 01:05:45,1.2611400000000001,1.2612899999999998
2208,2023-05-09 01:05:46,1.261135,1.261285
2210,2023-05-09 01:05:47,1.26112,1.2612700000000001
2211,2023-05-09 01:05:48,1.26113,1.26128
2212,2023-05-09 01:05:49,1.26112,1.2612700000000001
2213,2023-05-09 01:05:51,1.26113,1.26128
2214,2023-05-09 01:05:52,1.26112,1.2612700000000001
2215,2023-05-09 01:05:58,1.26113,1.26128
2216,2023-05-09 01:05:59,1.261135,1.261285
2218,2023-05-09 01:06:00,1.26112,1.2612700000000001
2219,2023-05-09 01:06:01,1.261125,1.261275
2221,2023-05-09 01:06:02,1.261105,1.261255
2223,2023-05-09 01:06:03,1.26108,1.26123
2224,2023-05-09 01:06:04,1.2610700000000001,1.26122
2225,2023-05-09 01:06:07,1.26106,1.26121
2226,2023-05-09 01:06:18,1.2610700000000001,1.26122
2227,2023-05-09 01:06:29,1.26109,1.26124
2228,2023-05-09 01:06:30,1.2610999999999999,1.26125
2229,2023-05-09 01:06:33,1.26112,1.2612700000000001
2230,2023-05-09 01:06:35,1.26113,1.26128
2231,2023-05-09 01:06:37,1.261115,1.261265
2233,2023-05-09 01:06:38,1.261135,1.261285
2235,2023-05-09 01:06:42,1.26113,1.26128
2236,2023-05-09 01:06:44,1.26114,1.26129
2239,2023-05-09 01:06:45,1.261135,1.261285
2241,2023-05-09 01:06:46,1.26113,1.26128
2242,2023-05-09 01:06:47,1.261135,1.261285
2244,2023-05-09 01:06:49,1.26114,1.26129
2245,2023-05-09 01:06:50,1.261135,1.261285
2247,2023-05-09 01:06:51,1.261135,1.261285
2249,2023-05-09 01:06:52,1.261135,1.261285
2251,2023-05-09 01:06:53,1.261145,1.261295
2255,2023-05-09 01:06:55,1.26114,1.26129
2258,2023-05-09 01:06:56,1.26114,1.26129
2261,2023-05-09 01:06:58,1.26114,1.26129
2264,2023-05-09 01:07:00,1.261125,1.261275
2266,2023-05-09 01:07:01,1.26114,1.26129
2267,2023-05-09 01:07:02,1.26115,1.2612999999999999
2268,2023-05-09 01:07:12,1.261145,1.261295
2270,2023-05-09 01:07:13,1.26114,1.26129
2271,2023-05-09 01:07:14,1.26111,1.26126
2272,2023-05-09 01:07:15,1.2610999999999999,1.26125
2273,2023-05-09 01:07:16,1.26111,1.26126
2274,2023-05-09 01:07:17,1.261085,1.261235
2276,2023-05-09 01:07:19,1.26109,1.26124
2277,2023-05-09 01:07:20,1.2610999999999999,1.26125
2278,2023-05-09 01:07:24,1.26114,1.26129
2279,2023-05-09 01:07:25,1.26115,1.2612999999999999
2280,2023-05-09 01:07:26,1.26114,1.26129
2281,2023-05-09 01:07:27,1.26115,1.2612999999999999
2282,2023-05-09 01:07:33,1.26114,1.26129
2286,2023-05-09 01:07:37,1.261145,1.261295
2288,2023-05-09 01:07:39,1.26113,1.26128
2289,2023-05-09 01:07:41,1.261135,1.261285
2291,2023-05-09 01:07:44,1.26114,1.26129
2294,2023-05-09 01:07:47,1.26115,1.2612999999999999
2295,2023-05-09 01:07:48,1.26114,1.26129
2296,2023-05-09 01:07:49,1.26113,1.26128
2297,2023-05-09 01:08:00,1.26113,1.26128
2298,2023-05-09 01:08:01,1.2611249999999998,1.261275
2300,2023-05-09 01:08:02,1.26115,1.2612999999999999
2301,2023-05-09 01:08:04,1.26116,1.26131
2302,2023-05-09 01:08:06,1.26115,1.2612999999999999
2303,2023-05-09 01:08:07,1.26116,1.26131
2304,2023-05-09 01:08:08,1.26115,1.2612999999999999
2305,2023-05-09 01:08:09,1.26116,1.26131
2306,2023-05-09 01:08:14,1.261125,1.261275
2308,2023-05-09 01:08:16,1.26115,1.2612999999999999
2310,2023-05-09 01:08:17,1.26114,1.26129
2313,2023-05-09 01:08:20,1.26116,1.26131
2314,2023-05-09 01:08:22,1.26115,1.2612999999999999
2315,2023-05-09 01:08:23,1.26114,1.26129
2316,2023-05-09 01:08:24,1.261145,1.261295
2318,2023-05-09 01:08:25,1.261135,1.261285
2320,2023-05-09 01:08:27,1.26113,1.26128
2321,2023-05-09 01:08:28,1.261165,1.261315
2323,2023-05-09 01:08:30,1.26119,1.2613400000000001
2326,2023-05-09 01:08:33,1.26118,1.26133
2327,2023-05-09 01:08:38,1.26119,1.2613400000000001
2328,2023-05-09 01:08:42,1.2612,1.26135
2329,2023-05-09 01:08:43,1.261185,1.261335
2333,2023-05-09 01:08:44,1.261185,1.261335
2335,2023-05-09 01:08:45,1.261185,1.261335
2337,2023-05-09 01:08:46,1.261185,1.261335
2339,2023-05-09 01:08:47,1.26118,1.26133
2341,2023-05-09 01:08:48,1.26118,1.26133
2342,2023-05-09 01:08:51,1.26119,1.2613400000000001
2343,2023-05-09 01:09:00,1.261185,1.261335
2345,2023-05-09 01:09:04,1.26119,1.2613400000000001
2346,2023-05-09 01:09:06,1.2612,1.26135
2347,2023-05-09 01:09:09,1.26121,1.26136
2348,2023-05-09 01:09:10,1.26125,1.2614
2351,2023-05-09 01:09:12,1.2612700000000001,1.26142
2352,2023-05-09 01:09:15,1.26126,1.26141
2353,2023-05-09 01:09:21,1.2612700000000001,1.26142
2354,2023-05-09 01:09:24,1.261255,1.2614049999999999
2356,2023-05-09 01:09:25,1.261255,1.2614049999999999
2358,2023-05-09 01:09:28,1.26124,1.26139
2359,2023-05-09 01:09:29,1.26123,1.26138
2360,2023-05-09 01:09:31,1.26124,1.26139
2361,2023-05-09 01:09:32,1.26123,1.26138
2362,2023-05-09 01:09:33,1.26124,1.26139
2363,2023-05-09 01:09:34,1.26123,1.26138
2364,2023-05-09 01:09:35,1.26124,1.26139
2365,2023-05-09 01:09:36,1.26123,1.26138
2366,2023-05-09 01:09:39,1.26124,1.26139
2367,2023-05-09 01:09:40,1.26123,1.26138
2370,2023-05-09 01:09:42,1.261215,1.261365
2372,2023-05-09 01:09:44,1.2612,1.26135
2373,2023-05-09 01:09:48,1.26119,1.2613400000000001
2374,2023-05-09 01:09:50,1.26118,1.26133
2375,2023-05-09 01:09:52,1.26119,1.2613400000000001
2376,2023-05-09 01:09:53,1.2612,1.26135
2377,2023-05-09 01:09:54,1.26119,1.2613400000000001
2378,2023-05-09 01:09:55,1.261205,1.261355
2380,2023-05-09 01:09:56,1.261205,1.261355
2382,2023-05-09 01:09:57,1.26123,1.26138
2383,2023-05-09 01:09:58,1.261245,1.261395
2385,2023-05-09 01:09:59,1.261265,1.261415
2387,2023-05-09 01:10:00,1.2612700000000001,1.26142
2388,2023-05-09 01:10:01,1.26126,1.26141
2389,2023-05-09 01:10:02,1.26128,1.26143
2390,2023-05-09 01:10:03,1.2612700000000001,1.26142
2391,2023-05-09 01:10:11,1.26128,1.26143
2392,2023-05-09 01:10:19,1.261265,1.261415
2394,2023-05-09 01:10:20,1.26124,1.26139
2395,2023-05-09 01:10:23,1.261235,1.261385
2397,2023-05-09 01:10:24,1.261245,1.261395
2399,2023-05-09 01:10:27,1.26125,1.2614
2400,2023-05-09 01:10:29,1.26126,1.26141
2401,2023-05-09 01:10:30,1.2612700000000001,1.26142
2402,2023-05-09 01:10:31,1.26126,1.26141
2403,2023-05-09 01:10:34,1.2612,1.26135
2406,2023-05-09 01:10:36,1.26122,1.2613699999999999
2407,2023-05-09 01:10:37,1.261225,1.261375
2409,2023-05-09 01:10:38,1.26123,1.26138
2410,2023-05-09 01:10:39,1.261225,1.261375
2412,2023-05-09 01:10:40,1.261215,1.261365
2414,2023-05-09 01:10:41,1.261215,1.261365
2416,2023-05-09 01:10:42,1.26122,1.2613699999999999
2417,2023-05-09 01:10:44,1.26123,1.26138
2418,2023-05-09 01:10:45,1.26124,1.26139
2419,2023-05-09 01:10:46,1.261225,1.261375
2421,2023-05-09 01:10:50,1.261245,1.261395
2423,2023-05-09 01:10:51,1.26124,1.26139
2424,2023-05-09 01:10:52,1.26126,1.26141
2425,2023-05-09 01:10:56,1.261275,1.261425
2427,2023-05-09 01:10:57,1.2612700000000001,1.26142
2428,2023-05-09 01:11:00,1.2612700000000001,1.26142
2429,2023-05-09 01:11:06,1.26128,1.26143
2430,2023-05-09 01:11:08,1.261315,1.261465
2432,2023-05-09 01:11:09,1.261335,1.261485
2434,2023-05-09 01:11:10,1.261315,1.261465
2436,2023-05-09 01:11:11,1.26132,1.26147
2437,2023-05-09 01:11:14,1.26133,1.26148
2438,2023-05-09 01:11:20,1.2613400000000001,1.26149
2439,2023-05-09 01:11:21,1.26136,1.26151
2440,2023-05-09 01:11:22,1.261375,1.261525
2442,2023-05-09 01:11:32,1.2613699999999999,1.26152
2443,2023-05-09 01:11:33,1.261375,1.261525
2445,2023-05-09 01:11:35,1.26138,1.26153
2446,2023-05-09 01:11:42,1.2613699999999999,1.26152
2447,2023-05-09 01:11:43,1.26136,1.26151
2448,2023-05-09 01:11:49,1.2613699999999999,1.26152
2449,2023-05-09 01:11:50,1.26138,1.26153
2450,2023-05-09 01:11:56,1.2613699999999999,1.26152
2451,2023-05-09 01:12:00,1.261365,1.261515
2453,2023-05-09 01:12:02,1.2613699999999999,1.26152
2454,2023-05-09 01:12:08,1.26138,1.26153
2455,2023-05-09 01:12:11,1.261345,1.261495
2457,2023-05-09 01:12:14,1.26133,1.26148
2458,2023-05-09 01:12:15,1.2613400000000001,1.26149
2459,2023-05-09 01:12:16,1.26135,1.2615
2460,2023-05-09 01:12:17,1.26136,1.26151
2461,2023-05-09 01:12:18,1.2613400000000001,1.26149
2462,2023-05-09 01:12:21,1.26135,1.2615
2463,2023-05-09 01:12:22,1.26136,1.26151
2464,2023-05-09 01:12:24,1.26139,1.26154
2465,2023-05-09 01:12:25,1.26138,1.26153
2466,2023-05-09 01:12:27,1.26139,1.26154
2467,2023-05-09 01:12:29,1.26138,1.26153
2468,2023-05-09 01:12:34,1.2613699999999999,1.26152
2469,2023-05-09 01:12:38,1.26136,1.26151
2470,2023-05-09 01:12:41,1.261365,1.261515
2472,2023-05-09 01:12:42,1.2613699999999999,1.26152
2473,2023-05-09 01:12:44,1.26138,1.26153
2474,2023-05-09 01:12:54,1.26139,1.26154
2475,2023-05-09 01:13:00,1.26139,1.26154
2476,2023-05-09 01:13:12,1.26142,1.26157
2477,2023-05-09 01:13:14,1.26145,1.2616
2478,2023-05-09 01:13:15,1.26144,1.26159
2479,2023-05-09 01:13:16,1.26143,1.26158
2480,2023-05-09 01:13:18,1.26141,1.26156
2481,2023-05-09 01:13:21,1.26143,1.26158
2482,2023-05-09 01:13:22,1.261415,1.261565
2484,2023-05-09 01:13:24,1.26143,1.26158
2485,2023-05-09 01:13:29,1.26142,1.26157
2486,2023-05-09 01:13:31,1.26141,1.26156
2487,2023-05-09 01:13:32,1.2614299999999998,1.26158
2489,2023-05-09 01:13:33,1.26143,1.26158
2490,2023-05-09 01:13:34,1.26144,1.26159
2491,2023-05-09 01:13:37,1.26147,1.2616200000000002
2493,2023-05-09 01:13:38,1.26147,1.26162
2494,2023-05-09 01:13:41,1.26148,1.26163
2495,2023-05-09 01:13:44,1.261475,1.261625
2497,2023-05-09 01:14:00,1.26148,1.26163
2498,2023-05-09 01:14:04,1.26146,1.2616100000000001
2499,2023-05-09 01:14:05,1.26148,1.26163
2500,2023-05-09 01:14:06,1.261485,1.261635
2502,2023-05-09 01:14:07,1.26149,1.2616399999999999
2503,2023-05-09 01:14:13,1.26152,1.26167
2506,2023-05-09 01:14:14,1.2614999999999998,1.26165
2508,2023-05-09 01:14:15,1.2615,1.26165
2509,2023-05-09 01:14:16,1.261515,1.261665
2511,2023-05-09 01:14:20,1.2615,1.26165
2514,2023-05-09 01:14:21,1.26148,1.26163
2515,2023-05-09 01:14:23,1.26147,1.26162
2516,2023-05-09 01:14:24,1.26146,1.2616100000000001
2517,2023-05-09 01:14:25,1.26143,1.26158
2518,2023-05-09 01:14:26,1.26144,1.26159
2519,2023-05-09 01:14:29,1.26145,1.2616
2520,2023-05-09 01:14:31,1.26146,1.2616100000000001
2521,2023-05-09 01:14:32,1.26147,1.26162
2522,2023-05-09 01:14:34,1.26148,1.26163
2523,2023-05-09 01:14:41,1.261465,1.261615
2525,2023-05-09 01:14:42,1.26147,1.26162
2526,2023-05-09 01:14:43,1.26148,1.26163
2527,2023-05-09 01:14:45,1.26148,1.26163
2530,2023-05-09 01:14:48,1.26149,1.2616399999999999
2531,2023-05-09 01:14:49,1.261485,1.261635
2533,2023-05-09 01:14:50,1.261485,1.261635
2535,2023-05-09 01:14:51,1.26148,1.26163
2536,2023-05-09 01:14:52,1.26149,1.2616399999999999
2537,2023-05-09 01:14:53,1.26148,1.26163
2538,2023-05-09 01:14:55,1.26146,1.2616100000000001
2539,2023-05-09 01:15:00,1.26146,1.2616100000000001
2542,2023-05-09 01:15:01,1.2614049999999999,1.261555
2544,2023-05-09 01:15:02,1.261395,1.261545
2546,2023-05-09 01:15:04,1.261455,1.261605
2548,2023-05-09 01:15:06,1.26148,1.26163
2549,2023-05-09 01:15:07,1.26147,1.26162
2550,2023-05-09 01:15:10,1.26148,1.26163
2551,2023-05-09 01:15:14,1.26149,1.2616399999999999
2552,2023-05-09 01:15:15,1.26152,1.26167
2553,2023-05-09 01:15:16,1.261535,1.261685
2555,2023-05-09 01:15:22,1.26154,1.26169
2556,2023-05-09 01:15:23,1.26153,1.2616800000000001
2557,2023-05-09 01:15:25,1.26152,1.26167
2558,2023-05-09 01:15:27,1.261535,1.261685
2560,2023-05-09 01:15:30,1.26149,1.2616399999999999
2561,2023-05-09 01:15:31,1.26151,1.26166
2562,2023-05-09 01:15:32,1.26153,1.2616800000000001
2563,2023-05-09 01:15:35,1.26152,1.26167
2564,2023-05-09 01:15:36,1.26153,1.2616800000000001
2565,2023-05-09 01:15:41,1.2615,1.26165
2566,2023-05-09 01:15:42,1.26149,1.2616399999999999
2567,2023-05-09 01:15:43,1.261485,1.261635
2569,2023-05-09 01:15:45,1.2615,1.26165
2570,2023-05-09 01:15:48,1.26151,1.26166
2571,2023-05-09 01:15:49,1.26157,1.26172
2572,2023-05-09 01:15:50,1.261555,1.261705
2574,2023-05-09 01:15:51,1.26156,1.2617099999999999
2575,2023-05-09 01:15:55,1.26154,1.26169
2576,2023-05-09 01:15:56,1.26151,1.26166
2577,2023-05-09 01:15:57,1.261535,1.261685
2579,2023-05-09 01:15:59,1.26153,1.2616800000000001
2581,2023-05-09 01:16:00,1.26151,1.26166
2582,2023-05-09 01:16:01,1.26152,1.26167
2583,2023-05-09 01:16:03,1.26149,1.2616399999999999
2584,2023-05-09 01:16:05,1.26151,1.26166
2585,2023-05-09 01:16:08,1.261525,1.261675
2587,2023-05-09 01:16:17,1.26152,1.26167
2588,2023-05-09 01:16:18,1.261505,1.261655
2590,2023-05-09 01:16:26,1.2615,1.26165
2591,2023-05-09 01:16:27,1.26148,1.26163
2592,2023-05-09 01:16:28,1.26149,1.2616399999999999
2593,2023-05-09 01:16:30,1.261505,1.261655
2595,2023-05-09 01:16:37,1.2615,1.26165
2596,2023-05-09 01:16:41,1.26151,1.26166
2597,2023-05-09 01:16:43,1.26149,1.2616399999999999
2599,2023-05-09 01:16:44,1.26147,1.26162
2600,2023-05-09 01:16:45,1.26148,1.26163
2603,2023-05-09 01:16:46,1.261475,1.261625
2605,2023-05-09 01:16:47,1.26146,1.2616100000000001
2606,2023-05-09 01:16:50,1.26148,1.26163
2607,2023-05-09 01:16:51,1.26149,1.2616399999999999
2608,2023-05-09 01:16:53,1.2615,1.26165
2609,2023-05-09 01:16:54,1.26151,1.26166
2610,2023-05-09 01:16:57,1.26148,1.26163
2611,2023-05-09 01:16:58,1.26147,1.26162
2612,2023-05-09 01:17:00,1.26147,1.26162
2613,2023-05-09 01:17:01,1.26149,1.2616399999999999
2614,2023-05-09 01:17:02,1.26148,1.26163
2615,2023-05-09 01:17:05,1.26147,1.26162
2616,2023-05-09 01:17:07,1.26148,1.26163
2617,2023-05-09 01:17:10,1.26149,1.2616399999999999
2618,2023-05-09 01:17:11,1.26148,1.26163
2619,2023-05-09 01:17:14,1.261455,1.261605
2621,2023-05-09 01:17:18,1.26146,1.2616100000000001
2622,2023-05-09 01:17:21,1.26145,1.2616
2623,2023-05-09 01:17:22,1.26146,1.2616100000000001
2624,2023-05-09 01:17:47,1.26147,1.26162
2625,2023-05-09 01:17:50,1.26145,1.2616
2626,2023-05-09 01:17:52,1.26146,1.2616100000000001
2627,2023-05-09 01:17:57,1.261475,1.261625
2629,2023-05-09 01:18:00,1.26148,1.26163
2630,2023-05-09 01:18:05,1.261465,1.261615
2632,2023-05-09 01:18:07,1.26148,1.26163
2633,2023-05-09 01:18:09,1.261455,1.2616049999999999
2635,2023-05-09 01:18:12,1.26145,1.2616
2636,2023-05-09 01:18:39,1.26144,1.26159
2637,2023-05-09 01:18:46,1.26143,1.26158
2638,2023-05-09 01:18:47,1.26144,1.26159
2639,2023-05-09 01:19:00,1.26144,1.26159
2640,2023-05-09 01:19:17,1.26145,1.2616
2641,2023-05-09 01:19:18,1.26146,1.2616100000000001
2642,2023-05-09 01:19:19,1.26145,1.2616
2643,2023-05-09 01:19:20,1.261445,1.261595
2645,2023-05-09 01:19:25,1.26144,1.26159
2646,2023-05-09 01:19:27,1.26145,1.2616
2647,2023-05-09 01:19:30,1.261475,1.261625
2649,2023-05-09 01:19:31,1.26147,1.26162
2650,2023-05-09 01:19:33,1.26148,1.26163
2651,2023-05-09 01:19:34,1.261475,1.261625
2653,2023-05-09 01:19:37,1.26147,1.26162
2654,2023-05-09 01:19:41,1.26146,1.2616100000000001
2655,2023-05-09 01:19:47,1.26145,1.2616
2656,2023-05-09 01:19:48,1.26144,1.26159
2657,2023-05-09 01:19:49,1.261365,1.261515
2661,2023-05-09 01:19:57,1.261365,1.261515
2663,2023-05-09 01:20:00,1.26136,1.26151
2666,2023-05-09 01:20:01,1.26135,1.2615
2667,2023-05-09 01:20:02,1.2613400000000001,1.26149
2668,2023-05-09 01:20:04,1.26128,1.2614299999999998
2670,2023-05-09 01:20:06,1.261275,1.261425
2672,2023-05-09 01:20:08,1.2612700000000001,1.26142
2673,2023-05-09 01:20:11,1.26126,1.26141
2674,2023-05-09 01:20:12,1.2612700000000001,1.26142
2675,2023-05-09 01:20:17,1.2612899999999998,1.26144
2677,2023-05-09 01:20:18,1.2612700000000001,1.26142
2678,2023-05-09 01:20:20,1.261255,1.2614049999999999
2680,2023-05-09 01:20:21,1.26126,1.26141
2681,2023-05-09 01:20:22,1.26125,1.2614
2682,2023-05-09 01:20:28,1.26124,1.26139
2683,2023-05-09 01:20:30,1.26123,1.26138
2684,2023-05-09 01:20:33,1.26121,1.26136
2685,2023-05-09 01:20:34,1.2612,1.26135
2686,2023-05-09 01:20:41,1.261165,1.261315
2688,2023-05-09 01:20:43,1.26118,1.26133
2689,2023-05-09 01:20:45,1.26119,1.2613400000000001
2690,2023-05-09 01:20:49,1.2612,1.26135
2691,2023-05-09 01:20:56,1.26125,1.2614
2692,2023-05-09 01:21:00,1.26126,1.26141
2695,2023-05-09 01:21:02,1.26128,1.26143
2696,2023-05-09 01:21:05,1.26129,1.26144
2697,2023-05-09 01:21:08,1.2612700000000001,1.26142
2698,2023-05-09 01:21:10,1.26125,1.2614
2699,2023-05-09 01:21:15,1.26123,1.26138
2700,2023-05-09 01:21:17,1.261225,1.261375
2702,2023-05-09 01:21:18,1.261215,1.261365
2704,2023-05-09 01:21:19,1.261225,1.261375
2706,2023-05-09 01:21:20,1.26123,1.26138
2707,2023-05-09 01:21:21,1.26124,1.26139
2708,2023-05-09 01:21:24,1.26125,1.2614
2709,2023-05-09 01:21:25,1.2612700000000001,1.26142
2710,2023-05-09 01:21:29,1.26126,1.26141
2711,2023-05-09 01:21:30,1.2612700000000001,1.26142
2712,2023-05-09 01:21:33,1.26128,1.26143
2713,2023-05-09 01:21:34,1.26129,1.26144
2714,2023-05-09 01:21:35,1.26128,1.26143
2715,2023-05-09 01:21:38,1.26129,1.26144
2716,2023-05-09 01:21:39,1.26128,1.26143
2717,2023-05-09 01:21:43,1.2612800000000002,1.2614299999999998
2719,2023-05-09 01:21:47,1.26126,1.26141
2720,2023-05-09 01:21:58,1.2612700000000001,1.26142
2721,2023-05-09 01:22:00,1.26126,1.26141
2724,2023-05-09 01:22:04,1.2612800000000002,1.2614299999999998
2726,2023-05-09 01:22:11,1.2613400000000001,1.26149
2728,2023-05-09 01:22:16,1.26131,1.26146
2729,2023-05-09 01:22:17,1.26129,1.26144
2730,2023-05-09 01:22:20,1.26131,1.26146
2731,2023-05-09 01:22:24,1.2613400000000001,1.26149
2732,2023-05-09 01:22:27,1.26135,1.2615
2733,2023-05-09 01:22:29,1.26136,1.26151
2734,2023-05-09 01:22:31,1.261345,1.261495
2736,2023-05-09 01:22:34,1.261355,1.261505
2738,2023-05-09 01:22:46,1.2613699999999999,1.26152
2739,2023-05-09 01:22:49,1.26136,1.26151
2740,2023-05-09 01:22:55,1.261355,1.261505
2742,2023-05-09 01:22:58,1.261325,1.261475
2744,2023-05-09 01:23:00,1.26132,1.26147
2745,2023-05-09 01:23:01,1.26131,1.26146
2746,2023-05-09 01:23:02,1.2612999999999999,1.26145
2747,2023-05-09 01:23:04,1.26129,1.26144
2748,2023-05-09 01:23:06,1.26128,1.26143
2749,2023-05-09 01:23:07,1.2612800000000002,1.2614299999999998
2751,2023-05-09 01:23:12,1.2612999999999999,1.26145
2752,2023-05-09 01:23:14,1.26129,1.26144
2753,2023-05-09 01:23:15,1.2612999999999999,1.26145
2754,2023-05-09 01:23:16,1.2613400000000001,1.26149
2755,2023-05-09 01:23:17,1.26136,1.26151
2756,2023-05-09 01:23:19,1.26138,1.26153
2759,2023-05-09 01:23:20,1.2613699999999999,1.26152
2760,2023-05-09 01:23:21,1.26136,1.26151
2761,2023-05-09 01:23:27,1.2613699999999999,1.26152
2762,2023-05-09 01:23:32,1.26135,1.2615
2763,2023-05-09 01:23:48,1.2613400000000001,1.26149
2764,2023-05-09 01:23:50,1.26132,1.26147
2767,2023-05-09 01:23:52,1.26133,1.26148
2768,2023-05-09 01:23:55,1.2613400000000001,1.26149
2769,2023-05-09 01:23:56,1.26132,1.26147
2770,2023-05-09 01:23:58,1.26133,1.26148
2771,2023-05-09 01:24:00,1.26133,1.26148
2772,2023-05-09 01:24:01,1.26132,1.26147
2773,2023-05-09 01:24:02,1.26133,1.26148
2774,2023-05-09 01:24:06,1.26132,1.26147
2776,2023-05-09 01:24:07,1.26135,1.2615
2777,2023-05-09 01:24:12,1.261335,1.261485
2779,2023-05-09 01:24:14,1.26135,1.2615
2780,2023-05-09 01:24:24,1.26136,1.26151
2781,2023-05-09 01:24:34,1.261375,1.261525
2783,2023-05-09 01:24:36,1.261375,1.261525
2785,2023-05-09 01:24:37,1.2613699999999999,1.26152
2786,2023-05-09 01:24:41,1.26136,1.26151
2787,2023-05-09 01:24:44,1.26135,1.2615
2788,2023-05-09 01:24:46,1.2613400000000001,1.26149
2789,2023-05-09 01:24:48,1.2612999999999999,1.26145
2790,2023-05-09 01:24:49,1.261305,1.261455
2792,2023-05-09 01:24:56,1.26129,1.26144
2793,2023-05-09 01:24:57,1.2612999999999999,1.26145
2794,2023-05-09 01:24:58,1.261275,1.261425
2796,2023-05-09 01:25:00,1.2612800000000002,1.2614299999999998
2798,2023-05-09 01:25:01,1.261305,1.261455
2800,2023-05-09 01:25:08,1.2613400000000001,1.26149
2802,2023-05-09 01:25:11,1.26136,1.26151
2803,2023-05-09 01:25:12,1.2613699999999999,1.26152
2804,2023-05-09 01:25:15,1.2614,1.26155
2805,2023-05-09 01:25:16,1.261415,1.261565
2807,2023-05-09 01:25:17,1.261425,1.2615750000000001
2809,2023-05-09 01:25:18,1.261425,1.2615750000000001
2811,2023-05-09 01:25:19,1.26142,1.26157
2814,2023-05-09 01:25:20,1.26142,1.26157
2815,2023-05-09 01:25:21,1.26141,1.26156
2816,2023-05-09 01:25:27,1.26142,1.26157
2817,2023-05-09 01:25:28,1.26141,1.26156
2818,2023-05-09 01:25:29,1.26142,1.26157
2819,2023-05-09 01:25:32,1.261445,1.261595
2821,2023-05-09 01:25:33,1.26143,1.26158
2822,2023-05-09 01:25:34,1.26142,1.26157
2823,2023-05-09 01:25:35,1.26141,1.26156
2824,2023-05-09 01:25:36,1.26139,1.26154
2825,2023-05-09 01:25:50,1.26142,1.26157
2826,2023-05-09 01:25:51,1.261425,1.2615750000000001
2828,2023-05-09 01:25:52,1.26144,1.26159
2829,2023-05-09 01:25:54,1.26141,1.26156
2830,2023-05-09 01:25:55,1.26142,1.26157
2831,2023-05-09 01:25:57,1.26141,1.26156
2832,2023-05-09 01:25:58,1.26139,1.26154
2833,2023-05-09 01:26:00,1.26139,1.26154
2834,2023-05-09 01:26:01,1.261415,1.261565
2836,2023-05-09 01:26:02,1.26144,1.26159
2837,2023-05-09 01:26:03,1.26143,1.26158
2838,2023-05-09 01:26:16,1.261415,1.261565
2840,2023-05-09 01:26:17,1.26139,1.26154
2841,2023-05-09 01:26:18,1.261375,1.261525
2843,2023-05-09 01:26:20,1.26136,1.26151
2844,2023-05-09 01:26:21,1.26135,1.2615
2845,2023-05-09 01:26:22,1.2613400000000001,1.26149
2846,2023-05-09 01:26:26,1.261345,1.261495
2848,2023-05-09 01:26:27,1.26135,1.2615
2849,2023-05-09 01:26:31,1.2613400000000001,1.26149
2850,2023-05-09 01:26:32,1.26133,1.26148
2851,2023-05-09 01:26:36,1.2613400000000001,1.26149
2852,2023-05-09 01:26:39,1.26133,1.26148
2853,2023-05-09 01:26:40,1.261335,1.261485
2855,2023-05-09 01:26:46,1.261345,1.261495
2857,2023-05-09 01:26:47,1.26135,1.2615
2858,2023-05-09 01:26:48,1.2613400000000001,1.26149
2859,2023-05-09 01:26:51,1.26135,1.2615
2860,2023-05-09 01:26:52,1.26136,1.26151
2861,2023-05-09 01:26:53,1.2613599999999998,1.26151
2863,2023-05-09 01:26:57,1.26136,1.26151
2864,2023-05-09 01:26:58,1.2613699999999999,1.26152
2865,2023-05-09 01:27:00,1.2613699999999999,1.26152
2866,2023-05-09 01:27:01,1.26136,1.26151
2867,2023-05-09 01:27:02,1.26138,1.26153
2868,2023-05-09 01:27:03,1.2613699999999999,1.26152
2869,2023-05-09 01:27:07,1.2614,1.26155
2872,2023-05-09 01:27:08,1.2614,1.26155
2873,2023-05-09 01:27:09,1.2613699999999999,1.26152
2874,2023-05-09 01:27:11,1.26136,1.26151
2875,2023-05-09 01:27:13,1.2613699999999999,1.26152
2876,2023-05-09 01:27:17,1.261355,1.261505
2878,2023-05-09 01:27:18,1.26135,1.2615
2879,2023-05-09 01:27:22,1.2613400000000001,1.26149
2880,2023-05-09 01:27:33,1.261305,1.261455
2882,2023-05-09 01:27:34,1.26129,1.26144
2883,2023-05-09 01:27:38,1.261305,1.261455
2885,2023-05-09 01:27:39,1.261335,1.261485
2887,2023-05-09 01:27:44,1.26135,1.2615
2888,2023-05-09 01:27:47,1.261325,1.261475
2890,2023-05-09 01:27:48,1.2613400000000001,1.26149
2891,2023-05-09 01:27:52,1.26135,1.2615
2892,2023-05-09 01:27:53,1.2613400000000001,1.26149
2893,2023-05-09 01:28:00,1.2613400000000001,1.26149
2894,2023-05-09 01:28:01,1.261335,1.261485
2896,2023-05-09 01:28:02,1.26133,1.26148
2897,2023-05-09 01:28:03,1.2613400000000001,1.26149
2898,2023-05-09 01:28:05,1.26135,1.2615
2901,2023-05-09 01:28:06,1.2613400000000001,1.26149
2902,2023-05-09 01:28:09,1.261345,1.261495
2904,2023-05-09 01:28:12,1.261335,1.261485
2906,2023-05-09 01:28:13,1.26135,1.2615
2907,2023-05-09 01:28:15,1.2613750000000001,1.261525
2909,2023-05-09 01:28:16,1.261365,1.261515
2911,2023-05-09 01:28:17,1.261345,1.261495
2913,2023-05-09 01:28:19,1.26135,1.2615
2914,2023-05-09 01:28:20,1.26136,1.26151
2915,2023-05-09 01:28:26,1.26135,1.2615
2916,2023-05-09 01:28:27,1.261365,1.261515
2918,2023-05-09 01:28:28,1.261375,1.261525
2920,2023-05-09 01:28:30,1.2613400000000001,1.26149
2921,2023-05-09 01:28:36,1.26133,1.26148
2922,2023-05-09 01:28:55,1.26131,1.26146
2925,2023-05-09 01:29:00,1.26131,1.26146
2926,2023-05-09 01:29:02,1.26133,1.26148
2929,2023-05-09 01:29:07,1.26132,1.26147
2930,2023-05-09 01:29:09,1.261305,1.261455
2932,2023-05-09 01:29:10,1.26131,1.26146
2933,2023-05-09 01:29:12,1.261295,1.261445
2935,2023-05-09 01:29:13,1.26128,1.26143
2938,2023-05-09 01:29:14,1.26128,1.26143
2941,2023-05-09 01:29:22,1.26129,1.26144
2942,2023-05-09 01:29:23,1.26132,1.26147
2944,2023-05-09 01:29:24,1.2613400000000001,1.26149
2945,2023-05-09 01:29:26,1.26136,1.26151
2946,2023-05-09 01:29:27,1.26135,1.2615
2947,2023-05-09 01:29:31,1.26136,1.26151
2948,2023-05-09 01:29:34,1.26135,1.2615
2949,2023-05-09 01:29:36,1.2613400000000001,1.26149
2950,2023-05-09 01:29:47,1.26132,1.26147
2952,2023-05-09 01:29:50,1.2612999999999999,1.26145
2953,2023-05-09 01:29:54,1.2612700000000001,1.26142
2955,2023-05-09 01:29:55,1.2612700000000001,1.26142
2956,2023-05-09 01:29:56,1.26128,1.26143
2957,2023-05-09 01:29:57,1.26126,1.26141
2958,2023-05-09 01:29:58,1.2612700000000001,1.26142
2959,2023-05-09 01:30:00,1.2612700000000001,1.26142
2960,2023-05-09 01:30:01,1.26128,1.26143
2961,2023-05-09 01:30:02,1.2612700000000001,1.26142
2962,2023-05-09 01:30:03,1.26128,1.26143
2963,2023-05-09 01:30:04,1.261285,1.261435
2965,2023-05-09 01:30:05,1.26129,1.26144
2968,2023-05-09 01:30:07,1.26132,1.26147
2969,2023-05-09 01:30:08,1.261345,1.261495
2971,2023-05-09 01:30:09,1.2613400000000001,1.26149
2972,2023-05-09 01:30:11,1.261325,1.261475
2974,2023-05-09 01:30:12,1.2613400000000001,1.26149
2975,2023-05-09 01:30:14,1.2613400000000001,1.26149
2977,2023-05-09 01:30:15,1.2613699999999999,1.26152
2978,2023-05-09 01:30:17,1.261365,1.261515
2980,2023-05-09 01:30:18,1.26136,1.26151
2981,2023-05-09 01:30:19,1.261375,1.261525
2983,2023-05-09 01:30:22,1.2613699999999999,1.26152
2984,2023-05-09 01:30:28,1.26138,1.26153
2985,2023-05-09 01:30:47,1.261445,1.261595
2987,2023-05-09 01:30:48,1.261435,1.261585
2989,2023-05-09 01:30:50,1.26143,1.26158
2990,2023-05-09 01:30:54,1.26145,1.2616
2991,2023-05-09 01:30:56,1.26147,1.26162
2992,2023-05-09 01:31:00,1.26147,1.26162
2993,2023-05-09 01:31:02,1.26146,1.2616100000000001
2994,2023-05-09 01:31:03,1.261475,1.261625
2996,2023-05-09 01:31:06,1.2615150000000002,1.261665
2998,2023-05-09 01:31:10,1.26152,1.26167
2999,2023-05-09 01:31:11,1.26151,1.26166
3000,2023-05-09 01:31:12,1.26152,1.26167
3003,2023-05-09 01:31:13,1.26148,1.26163
3004,2023-05-09 01:31:14,1.26152,1.26167
3005,2023-05-09 01:31:16,1.261505,1.261655
3007,2023-05-09 01:31:19,1.2615,1.26165
3008,2023-05-09 01:31:20,1.261475,1.261625
3010,2023-05-09 01:31:23,1.26147,1.26162
3011,2023-05-09 01:31:30,1.26148,1.26163
3012,2023-05-09 01:31:32,1.261495,1.261645
3014,2023-05-09 01:31:34,1.2615,1.26165
3015,2023-05-09 01:31:38,1.26147,1.26162
3016,2023-05-09 01:31:43,1.26148,1.26163
3017,2023-05-09 01:31:45,1.26147,1.26162
3018,2023-05-09 01:31:46,1.26148,1.26163
3019,2023-05-09 01:31:47,1.2615,1.26165
3020,2023-05-09 01:31:48,1.26148,1.26163
3021,2023-05-09 01:31:50,1.26149,1.2616399999999999
3022,2023-05-09 01:31:52,1.2615,1.26165
3023,2023-05-09 01:31:53,1.26151,1.26166
3024,2023-05-09 01:31:54,1.261545,1.261695
3026,2023-05-09 01:31:58,1.261565,1.261715
3028,2023-05-09 01:31:59,1.26157,1.26172
3029,2023-05-09 01:32:00,1.26157,1.26172
3030,2023-05-09 01:32:05,1.26156,1.2617099999999999
3031,2023-05-09 01:32:06,1.26157,1.26172
3032,2023-05-09 01:32:14,1.26156,1.2617099999999999
3033,2023-05-09 01:32:15,1.26155,1.2617
3034,2023-05-09 01:32:26,1.261525,1.261675
3036,2023-05-09 01:32:27,1.261535,1.261685
3038,2023-05-09 01:32:28,1.26151,1.26166
3040,2023-05-09 01:32:30,1.26151,1.26166
3041,2023-05-09 01:32:31,1.26152,1.26167
3042,2023-05-09 01:32:32,1.261505,1.261655
3044,2023-05-09 01:32:33,1.26148,1.26163
3045,2023-05-09 01:32:37,1.26151,1.26166
3046,2023-05-09 01:32:38,1.26152,1.26167
3047,2023-05-09 01:32:41,1.26151,1.26166
3048,2023-05-09 01:32:42,1.26148,1.26163
3051,2023-05-09 01:32:53,1.26146,1.2616100000000001
3052,2023-05-09 01:33:00,1.26146,1.2616100000000001
3053,2023-05-09 01:33:03,1.26145,1.2616
3054,2023-05-09 01:33:05,1.26146,1.2616100000000001
3055,2023-05-09 01:33:11,1.26145,1.2616
3056,2023-05-09 01:33:12,1.2614049999999999,1.261555
3058,2023-05-09 01:33:16,1.26139,1.26154
3061,2023-05-09 01:33:17,1.2614,1.26155
3062,2023-05-09 01:33:19,1.26141,1.26156
3063,2023-05-09 01:33:20,1.26144,1.26159
3064,2023-05-09 01:33:21,1.2614049999999999,1.261555
3066,2023-05-09 01:33:22,1.26139,1.26154
3067,2023-05-09 01:33:24,1.2613699999999999,1.26152
3069,2023-05-09 01:33:28,1.26135,1.2615
3070,2023-05-09 01:33:34,1.261355,1.261505
3072,2023-05-09 01:33:40,1.26136,1.26151
3073,2023-05-09 01:33:41,1.26135,1.2615
3074,2023-05-09 01:33:44,1.2613400000000001,1.26149
3075,2023-05-09 01:33:48,1.26133,1.26148
3076,2023-05-09 01:33:49,1.26131,1.26146
3077,2023-05-09 01:33:51,1.261335,1.261485
3079,2023-05-09 01:34:00,1.2613400000000001,1.26149
3080,2023-05-09 01:34:01,1.26132,1.26147
3081,2023-05-09 01:34:02,1.26131,1.26146
3082,2023-05-09 01:34:10,1.26132,1.26147
3083,2023-05-09 01:34:14,1.26131,1.26146
3084,2023-05-09 01:34:15,1.26133,1.26148
3085,2023-05-09 01:34:16,1.2613400000000001,1.26149
3086,2023-05-09 01:34:18,1.26133,1.26148
3087,2023-05-09 01:34:20,1.26131,1.26146
3088,2023-05-09 01:34:21,1.26131,1.26146
3091,2023-05-09 01:34:22,1.26131,1.26146
3092,2023-05-09 01:34:23,1.2612999999999999,1.26145
3093,2023-05-09 01:34:24,1.2612700000000001,1.26142
3094,2023-05-09 01:34:25,1.26132,1.26147
3095,2023-05-09 01:34:27,1.2612800000000002,1.2614299999999998
3097,2023-05-09 01:34:28,1.261255,1.2614049999999999
3099,2023-05-09 01:34:33,1.2612700000000001,1.26142
3100,2023-05-09 01:34:37,1.26125,1.2614
3101,2023-05-09 01:34:38,1.26124,1.26139
3102,2023-05-09 01:34:41,1.2612,1.2613500000000002
3104,2023-05-09 01:34:42,1.2612,1.26135
3105,2023-05-09 01:34:44,1.26119,1.2613400000000001
3106,2023-05-09 01:34:45,1.26118,1.26133
3107,2023-05-09 01:34:46,1.26119,1.2613400000000001
3108,2023-05-09 01:34:49,1.26118,1.26133
3109,2023-05-09 01:34:50,1.26119,1.2613400000000001
3110,2023-05-09 01:34:51,1.26118,1.26133
3111,2023-05-09 01:34:53,1.2612100000000002,1.2613599999999998
3113,2023-05-09 01:34:55,1.2612,1.26135
3114,2023-05-09 01:34:56,1.2612299999999999,1.26138
3116,2023-05-09 01:34:57,1.26123,1.26138
3117,2023-05-09 01:35:00,1.26123,1.26138
3118,2023-05-09 01:35:01,1.2612,1.26135
3119,2023-05-09 01:35:02,1.26119,1.2613400000000001
3120,2023-05-09 01:35:03,1.26117,1.26132
3122,2023-05-09 01:35:10,1.26117,1.26132
3123,2023-05-09 01:35:11,1.261185,1.261335
3125,2023-05-09 01:35:15,1.26118,1.26133
3126,2023-05-09 01:35:19,1.26119,1.2613400000000001
3127,2023-05-09 01:35:20,1.2612,1.26135
3130,2023-05-09 01:35:21,1.26119,1.2613400000000001
3131,2023-05-09 01:35:22,1.261185,1.261335
3133,2023-05-09 01:35:24,1.2612,1.26135
3134,2023-05-09 01:35:25,1.261215,1.261365
3136,2023-05-09 01:35:26,1.2612,1.26135
3137,2023-05-09 01:35:28,1.26119,1.2613400000000001
3138,2023-05-09 01:35:32,1.2612,1.26135
3139,2023-05-09 01:35:33,1.26121,1.26136
3140,2023-05-09 01:35:34,1.26125,1.2614
3142,2023-05-09 01:35:35,1.2612700000000001,1.26142
3143,2023-05-09 01:35:45,1.26126,1.26141
3144,2023-05-09 01:35:46,1.26123,1.26138
3147,2023-05-09 01:35:48,1.26123,1.26138
3148,2023-05-09 01:35:50,1.26124,1.26139
3149,2023-05-09 01:35:53,1.261255,1.2614049999999999
3151,2023-05-09 01:35:55,1.26125,1.2614
3152,2023-05-09 01:36:00,1.26126,1.26141
3155,2023-05-09 01:36:02,1.261265,1.261415
3157,2023-05-09 01:36:05,1.2612700000000001,1.26142
3158,2023-05-09 01:36:06,1.26126,1.26141
3159,2023-05-09 01:36:08,1.2612700000000001,1.26142
3160,2023-05-09 01:36:11,1.26126,1.26141
3161,2023-05-09 01:36:16,1.26125,1.2614
3162,2023-05-09 01:36:26,1.261225,1.2613750000000001
3164,2023-05-09 01:36:27,1.261215,1.261365
3166,2023-05-09 01:36:32,1.26122,1.2613699999999999
3167,2023-05-09 01:36:36,1.261235,1.261385
3169,2023-05-09 01:36:42,1.26123,1.26138
3170,2023-05-09 01:36:43,1.261205,1.261355
3172,2023-05-09 01:36:46,1.261205,1.261355
3174,2023-05-09 01:36:50,1.26119,1.2613400000000001
3175,2023-05-09 01:36:52,1.2612,1.26135
3176,2023-05-09 01:36:53,1.26121,1.26136
3177,2023-05-09 01:36:55,1.2612,1.26135
3178,2023-05-09 01:36:56,1.26119,1.2613400000000001
3179,2023-05-09 01:36:57,1.261185,1.261335
3181,2023-05-09 01:36:59,1.2612,1.26135
3182,2023-05-09 01:37:00,1.2612,1.26135
3186,2023-05-09 01:37:01,1.26118,1.26133
3187,2023-05-09 01:37:03,1.26119,1.2613400000000001
3188,2023-05-09 01:37:05,1.261185,1.261335
3190,2023-05-09 01:37:09,1.26118,1.26133
3191,2023-05-09 01:37:13,1.26115,1.2612999999999999
3194,2023-05-09 01:37:14,1.26114,1.26129
3195,2023-05-09 01:37:18,1.261135,1.261285
3197,2023-05-09 01:37:19,1.26113,1.26128
3200,2023-05-09 01:37:21,1.26114,1.26129
3201,2023-05-09 01:37:23,1.26115,1.2612999999999999
3202,2023-05-09 01:37:24,1.261155,1.261305
3204,2023-05-09 01:37:25,1.26116,1.26131
3205,2023-05-09 01:37:27,1.26115,1.2612999999999999
3206,2023-05-09 01:37:32,1.26116,1.26131
3207,2023-05-09 01:37:35,1.26115,1.2612999999999999
3208,2023-05-09 01:37:38,1.26116,1.26131
3209,2023-05-09 01:37:46,1.2612,1.26135
3211,2023-05-09 01:37:47,1.261235,1.261385
3213,2023-05-09 01:37:51,1.261255,1.2614049999999999
3215,2023-05-09 01:37:58,1.26128,1.26143
3216,2023-05-09 01:37:59,1.26131,1.26146
3217,2023-05-09 01:38:00,1.261305,1.261455
3219,2023-05-09 01:38:01,1.261275,1.261425
3221,2023-05-09 01:38:02,1.26126,1.26141
3222,2023-05-09 01:38:05,1.26125,1.2614
3225,2023-05-09 01:38:06,1.261245,1.261395
3227,2023-05-09 01:38:08,1.261265,1.261415
