,time,bid,ask
0,2023-05-09 00:00:00,10.5002,10.5102
1,2023-05-09 00:00:01,10.50085,10.51085
3,2023-05-09 00:00:05,10.5008,10.5108
4,2023-05-09 00:00:09,10.5006,10.5106
7,2023-05-09 00:00:12,10.5008,10.5108
8,2023-05-09 00:00:14,10.5009,10.5109
9,2023-05-09 00:00:16,10.50075,10.51075
11,2023-05-09 00:00:25,10.500399999999999,10.5104
14,2023-05-09 00:00:31,10.5002,10.5102
15,2023-05-09 00:00:42,10.5007,10.5107
16,2023-05-09 00:00:44,10.5012,10.5112
17,2023-05-09 00:00:56,10.5011,10.5111
18,2023-05-09 00:01:00,10.50105,10.511050000000001
20,2023-05-09 00:01:02,10.5012,10.5112
21,2023-05-09 00:01:04,10.5015,10.5115
22,2023-05-09 00:01:14,10.5014,10.5114
23,2023-05-09 00:01:17,10.5013,10.5113
24,2023-05-09 00:01:19,10.5015,10.5115
25,2023-05-09 00:01:20,10.5016,10.5116
26,2023-05-09 00:01:21,10.50155,10.51155
28,2023-05-09 00:01:22,10.5015,10.5115
29,2023-05-09 00:01:23,10.50155,10.51155
31,2023-05-09 00:01:24,10.50155,10.51155
33,2023-05-09 00:01:27,10.5014,10.5114
34,2023-05-09 00:01:30,10.5015,10.5115
35,2023-05-09 00:01:31,10.5014,10.5114
36,2023-05-09 00:01:32,10.5016,10.5116
37,2023-05-09 00:01:33,10.50145,10.51145
39,2023-05-09 00:01:44,10.5017,10.5117
40,2023-05-09 00:01:45,10.50195,10.51195
42,2023-05-09 00:01:47,10.5023,10.5123
43,2023-05-09 00:01:48,10.50325,10.51325
45,2023-05-09 00:01:49,10.5032,10.5132
46,2023-05-09 00:01:50,10.5027,10.5127
47,2023-05-09 00:01:52,10.503,10.513
48,2023-05-09 00:01:53,10.50335,10.513349999999999
52,2023-05-09 00:01:54,10.5033,10.513300000000001
54,2023-05-09 00:01:55,10.5031,10.5131
55,2023-05-09 00:01:56,10.5032,10.5132
56,2023-05-09 00:01:57,10.5031,10.5131
57,2023-05-09 00:02:00,10.5037,10.5137
59,2023-05-09 00:02:02,10.50365,10.51365
61,2023-05-09 00:02:07,10.50365,10.51365
63,2023-05-09 00:02:08,10.50365,10.51365
65,2023-05-09 00:02:09,10.5037,10.5137
66,2023-05-09 00:02:11,10.5033,10.5133
69,2023-05-09 00:02:15,10.5035,10.5135
70,2023-05-09 00:02:18,10.5034,10.5134
73,2023-05-09 00:02:22,10.50345,10.51345
75,2023-05-09 00:02:29,10.5032,10.5132
76,2023-05-09 00:02:39,10.5036,10.5136
77,2023-05-09 00:02:41,10.50355,10.51355
79,2023-05-09 00:02:44,10.5039,10.5139
81,2023-05-09 00:02:45,10.504,10.514
82,2023-05-09 00:02:48,10.50405,10.51405
84,2023-05-09 00:02:50,10.5041,10.5141
85,2023-05-09 00:02:51,10.50405,10.51405
87,2023-05-09 00:02:53,10.5046,10.5146
88,2023-05-09 00:02:54,10.50535,10.51535
92,2023-05-09 00:02:55,10.50535,10.51535
94,2023-05-09 00:02:56,10.50525,10.51525
96,2023-05-09 00:02:57,10.50525,10.51525
98,2023-05-09 00:02:58,10.5052,10.5152
99,2023-05-09 00:02:59,10.50535,10.51535
101,2023-05-09 00:03:00,10.5053,10.5153
102,2023-05-09 00:03:01,10.5055,10.5155
103,2023-05-09 00:03:06,10.5053,10.5153
106,2023-05-09 00:03:07,10.50525,10.51525
108,2023-05-09 00:03:08,10.5051,10.5151
109,2023-05-09 00:03:10,10.5049,10.5149
110,2023-05-09 00:03:13,10.5054,10.5154
111,2023-05-09 00:03:14,10.5053,10.5153
112,2023-05-09 00:03:15,10.5054,10.5154
113,2023-05-09 00:03:16,10.50535,10.51535
115,2023-05-09 00:03:17,10.5051,10.5151
116,2023-05-09 00:03:21,10.5055,10.5155
117,2023-05-09 00:03:23,10.505700000000001,10.5157
118,2023-05-09 00:03:24,10.5059,10.5159
119,2023-05-09 00:03:30,10.50635,10.51635
121,2023-05-09 00:03:31,10.5063,10.5163
122,2023-05-09 00:03:32,10.506499999999999,10.5165
123,2023-05-09 00:03:33,10.50645,10.51645
125,2023-05-09 00:03:34,10.5064,10.5164
126,2023-05-09 00:03:35,10.5062,10.5162
128,2023-05-09 00:03:38,10.5064,10.5164
129,2023-05-09 00:03:39,10.5063,10.5163
130,2023-05-09 00:03:42,10.50645,10.51645
132,2023-05-09 00:03:43,10.5064,10.5164
133,2023-05-09 00:03:47,10.5063,10.5163
134,2023-05-09 00:03:49,10.50655,10.51655
136,2023-05-09 00:03:50,10.50715,10.51715
138,2023-05-09 00:03:51,10.507,10.517
139,2023-05-09 00:03:52,10.50685,10.51685
141,2023-05-09 00:03:53,10.50715,10.51715
143,2023-05-09 00:03:55,10.5072,10.5172
144,2023-05-09 00:03:56,10.5071,10.5171
148,2023-05-09 00:03:57,10.5071,10.5171
149,2023-05-09 00:03:58,10.5073,10.5173
150,2023-05-09 00:04:00,10.5073,10.5173
153,2023-05-09 00:04:01,10.5074,10.5174
154,2023-05-09 00:04:02,10.5073,10.5173
155,2023-05-09 00:04:04,10.5072,10.5172
158,2023-05-09 00:04:05,10.5073,10.5173
159,2023-05-09 00:04:07,10.5072,10.5172
160,2023-05-09 00:04:08,10.5073,10.5173
161,2023-05-09 00:04:12,10.5075,10.5175
162,2023-05-09 00:04:13,10.50745,10.51745
166,2023-05-09 00:04:14,10.5074,10.5174
167,2023-05-09 00:04:15,10.50795,10.51795
169,2023-05-09 00:04:16,10.50805,10.51805
171,2023-05-09 00:04:17,10.508,10.518
172,2023-05-09 00:04:18,10.5079,10.517900000000001
173,2023-05-09 00:04:19,10.508,10.518
174,2023-05-09 00:04:20,10.5079,10.517900000000001
177,2023-05-09 00:04:22,10.5078,10.5178
178,2023-05-09 00:04:23,10.5079,10.517900000000001
179,2023-05-09 00:04:24,10.5078,10.5178
180,2023-05-09 00:04:25,10.50795,10.51795
182,2023-05-09 00:04:26,10.50795,10.51795
184,2023-05-09 00:04:27,10.5079,10.517900000000001
185,2023-05-09 00:04:28,10.50775,10.51775
187,2023-05-09 00:04:29,10.5078,10.5178
188,2023-05-09 00:04:31,10.5078,10.517800000000001
190,2023-05-09 00:04:32,10.5075,10.5175
191,2023-05-09 00:04:40,10.50745,10.51745
193,2023-05-09 00:04:41,10.5077,10.5177
194,2023-05-09 00:04:42,10.5076,10.5176
195,2023-05-09 00:04:43,10.5077,10.5177
196,2023-05-09 00:04:44,10.50755,10.51755
198,2023-05-09 00:04:46,10.5075,10.5175
199,2023-05-09 00:04:48,10.5076,10.5176
200,2023-05-09 00:04:49,10.5075,10.5175
201,2023-05-09 00:04:51,10.5074,10.5174
202,2023-05-09 00:04:53,10.5075,10.5175
203,2023-05-09 00:04:54,10.5073,10.5173
205,2023-05-09 00:05:00,10.5072,10.5172
208,2023-05-09 00:05:09,10.5074,10.5174
209,2023-05-09 00:05:10,10.5077,10.5177
213,2023-05-09 00:05:11,10.5077,10.5177
214,2023-05-09 00:05:12,10.5079,10.517900000000001
217,2023-05-09 00:05:13,10.5078,10.5178
218,2023-05-09 00:05:15,10.50795,10.51795
220,2023-05-09 00:05:16,10.5078,10.517800000000001
222,2023-05-09 00:05:18,10.508,10.518
223,2023-05-09 00:05:19,10.50785,10.51785
225,2023-05-09 00:05:20,10.50775,10.51775
227,2023-05-09 00:05:21,10.5076,10.5176
228,2023-05-09 00:05:22,10.50755,10.51755
230,2023-05-09 00:05:23,10.50765,10.51765
232,2023-05-09 00:05:24,10.50765,10.51765
234,2023-05-09 00:05:27,10.5075,10.5175
236,2023-05-09 00:05:29,10.50765,10.51765
238,2023-05-09 00:05:30,10.5077,10.5177
239,2023-05-09 00:05:51,10.5082,10.5182
240,2023-05-09 00:06:00,10.5082,10.5182
241,2023-05-09 00:06:09,10.5083,10.5183
242,2023-05-09 00:06:11,10.5084,10.5184
243,2023-05-09 00:06:12,10.5083,10.5183
246,2023-05-09 00:06:22,10.5088,10.5188
249,2023-05-09 00:06:24,10.5088,10.5188
250,2023-05-09 00:06:25,10.50885,10.51885
252,2023-05-09 00:06:29,10.50845,10.51845
254,2023-05-09 00:06:30,10.5088,10.5188
256,2023-05-09 00:06:31,10.50875,10.51875
260,2023-05-09 00:06:33,10.5087,10.5187
261,2023-05-09 00:06:34,10.5088,10.5188
262,2023-05-09 00:06:35,10.5087,10.5187
263,2023-05-09 00:06:37,10.5088,10.5188
264,2023-05-09 00:06:40,10.5089,10.5189
267,2023-05-09 00:06:41,10.50885,10.51885
269,2023-05-09 00:06:42,10.509,10.519
270,2023-05-09 00:06:44,10.5089,10.5189
271,2023-05-09 00:06:46,10.50915,10.51915
273,2023-05-09 00:06:47,10.5092,10.5192
274,2023-05-09 00:06:48,10.5091,10.5191
275,2023-05-09 00:06:49,10.5092,10.5192
276,2023-05-09 00:06:51,10.50895,10.51895
280,2023-05-09 00:06:52,10.5091,10.5191
281,2023-05-09 00:06:57,10.508849999999999,10.51885
283,2023-05-09 00:07:00,10.50905,10.51905
285,2023-05-09 00:07:05,10.509,10.519
286,2023-05-09 00:07:06,10.5091,10.5191
287,2023-05-09 00:07:07,10.5092,10.5192
288,2023-05-09 00:07:08,10.5091,10.5191
291,2023-05-09 00:07:13,10.5094,10.5194
292,2023-05-09 00:07:16,10.5093,10.5193
295,2023-05-09 00:07:17,10.5092,10.5192
296,2023-05-09 00:07:18,10.50935,10.51935
298,2023-05-09 00:07:21,10.5093,10.5193
299,2023-05-09 00:07:24,10.50915,10.51915
301,2023-05-09 00:07:29,10.50925,10.51925
303,2023-05-09 00:07:30,10.5092,10.5192
304,2023-05-09 00:07:32,10.5091,10.5191
305,2023-05-09 00:07:33,10.5092,10.5192
306,2023-05-09 00:07:34,10.5093,10.5193
307,2023-05-09 00:07:36,10.5092,10.5192
308,2023-05-09 00:07:40,10.5089,10.5189
309,2023-05-09 00:07:41,10.509,10.519
310,2023-05-09 00:07:42,10.5092,10.5192
312,2023-05-09 00:07:44,10.5092,10.5192
313,2023-05-09 00:07:47,10.5087,10.5187
314,2023-05-09 00:07:48,10.50875,10.51875
316,2023-05-09 00:07:55,10.5086,10.5186
317,2023-05-09 00:08:00,10.5086,10.5186
318,2023-05-09 00:08:01,10.5085,10.5185
319,2023-05-09 00:08:03,10.5088,10.518799999999999
321,2023-05-09 00:08:04,10.50915,10.51915
323,2023-05-09 00:08:05,10.509,10.519
324,2023-05-09 00:08:06,10.5091,10.5191
325,2023-05-09 00:08:13,10.5093,10.5193
327,2023-05-09 00:08:14,10.5093,10.5193
328,2023-05-09 00:08:15,10.5095,10.5195
329,2023-05-09 00:08:22,10.50915,10.51915
331,2023-05-09 00:08:32,10.50935,10.51935
333,2023-05-09 00:08:33,10.5092,10.5192
334,2023-05-09 00:08:34,10.509,10.519
337,2023-05-09 00:08:36,10.5088,10.5188
338,2023-05-09 00:08:38,10.5089,10.5189
339,2023-05-09 00:08:41,10.5088,10.5188
340,2023-05-09 00:08:42,10.50885,10.51885
342,2023-05-09 00:08:43,10.5089,10.5189
343,2023-05-09 00:08:44,10.5088,10.5188
346,2023-05-09 00:08:48,10.50885,10.51885
348,2023-05-09 00:08:54,10.508949999999999,10.51895
350,2023-05-09 00:08:59,10.50965,10.51965
352,2023-05-09 00:09:00,10.50965,10.51965
354,2023-05-09 00:09:02,10.51,10.52
355,2023-05-09 00:09:03,10.50995,10.51995
357,2023-05-09 00:09:04,10.5102,10.520199999999999
358,2023-05-09 00:09:07,10.5101,10.5201
359,2023-05-09 00:09:08,10.5102,10.520199999999999
360,2023-05-09 00:09:10,10.5104,10.5204
362,2023-05-09 00:09:14,10.5104,10.5204
363,2023-05-09 00:09:15,10.51055,10.52055
365,2023-05-09 00:09:16,10.5105,10.5205
366,2023-05-09 00:09:19,10.5106,10.5206
367,2023-05-09 00:09:21,10.5106,10.5206
369,2023-05-09 00:09:22,10.5108,10.5208
372,2023-05-09 00:09:26,10.5106,10.5206
373,2023-05-09 00:09:27,10.5105,10.5205
374,2023-05-09 00:09:33,10.5104,10.5204
377,2023-05-09 00:09:34,10.51055,10.52055
379,2023-05-09 00:09:38,10.5107,10.5207
380,2023-05-09 00:09:39,10.51075,10.52075
382,2023-05-09 00:09:41,10.51095,10.52095
384,2023-05-09 00:09:42,10.5109,10.5209
385,2023-05-09 00:09:43,10.511,10.521
386,2023-05-09 00:09:44,10.5107,10.5207
387,2023-05-09 00:09:45,10.5106,10.5206
390,2023-05-09 00:09:46,10.5106,10.5206
391,2023-05-09 00:09:51,10.51065,10.52065
393,2023-05-09 00:09:54,10.5107,10.5207
394,2023-05-09 00:09:55,10.510950000000001,10.52095
396,2023-05-09 00:09:57,10.511,10.521
397,2023-05-09 00:09:58,10.51125,10.52125
399,2023-05-09 00:09:59,10.5106,10.5206
400,2023-05-09 00:10:00,10.51055,10.52055
402,2023-05-09 00:10:01,10.5106,10.5206
403,2023-05-09 00:10:02,10.5107,10.5207
404,2023-05-09 00:10:04,10.5106,10.5206
405,2023-05-09 00:10:05,10.5106,10.5206
407,2023-05-09 00:10:06,10.5105,10.5205
408,2023-05-09 00:10:12,10.5106,10.5206
409,2023-05-09 00:10:13,10.5103,10.5203
410,2023-05-09 00:10:14,10.51015,10.52015
412,2023-05-09 00:10:15,10.51045,10.52045
414,2023-05-09 00:10:16,10.5106,10.5206
415,2023-05-09 00:10:17,10.5105,10.5205
416,2023-05-09 00:10:22,10.5106,10.5206
417,2023-05-09 00:10:26,10.511099999999999,10.5211
419,2023-05-09 00:10:28,10.5111,10.5211
420,2023-05-09 00:10:29,10.511,10.521
423,2023-05-09 00:10:30,10.51115,10.52115
425,2023-05-09 00:10:32,10.5106,10.5206
426,2023-05-09 00:10:33,10.5108,10.5208
427,2023-05-09 00:10:35,10.5109,10.5209
428,2023-05-09 00:10:36,10.511,10.521
431,2023-05-09 00:10:37,10.51095,10.52095
433,2023-05-09 00:10:38,10.5109,10.5209
434,2023-05-09 00:10:39,10.511,10.521
435,2023-05-09 00:10:40,10.5108,10.5208
437,2023-05-09 00:10:41,10.51065,10.52065
441,2023-05-09 00:10:47,10.5105,10.5205
442,2023-05-09 00:10:48,10.5104,10.5204
443,2023-05-09 00:10:49,10.51055,10.52055
445,2023-05-09 00:10:54,10.5106,10.5206
446,2023-05-09 00:10:55,10.5104,10.5204
447,2023-05-09 00:10:58,10.5105,10.5205
448,2023-05-09 00:10:59,10.51035,10.52035
450,2023-05-09 00:11:00,10.5103,10.5203
451,2023-05-09 00:11:01,10.5104,10.5204
454,2023-05-09 00:11:02,10.5104,10.5204
457,2023-05-09 00:11:03,10.51005,10.520050000000001
459,2023-05-09 00:11:04,10.51015,10.52015
461,2023-05-09 00:11:05,10.5099,10.5199
463,2023-05-09 00:11:11,10.50965,10.51965
465,2023-05-09 00:11:15,10.5095,10.5195
466,2023-05-09 00:11:17,10.5097,10.5197
467,2023-05-09 00:11:18,10.5098,10.5198
468,2023-05-09 00:11:22,10.5095,10.5195
471,2023-05-09 00:11:23,10.5097,10.5197
472,2023-05-09 00:11:26,10.5098,10.5198
473,2023-05-09 00:11:27,10.5098,10.5198
477,2023-05-09 00:11:28,10.5099,10.5199
478,2023-05-09 00:11:35,10.5098,10.5198
479,2023-05-09 00:11:37,10.51025,10.52025
481,2023-05-09 00:11:39,10.51,10.52
482,2023-05-09 00:11:40,10.51015,10.52015
486,2023-05-09 00:11:43,10.5101,10.5201
487,2023-05-09 00:11:44,10.5104,10.5204
490,2023-05-09 00:11:47,10.51035,10.52035
492,2023-05-09 00:11:51,10.51035,10.52035
494,2023-05-09 00:11:52,10.5103,10.5203
497,2023-05-09 00:11:53,10.5103,10.520299999999999
499,2023-05-09 00:11:54,10.51035,10.52035
501,2023-05-09 00:11:56,10.5103,10.5203
502,2023-05-09 00:11:57,10.5104,10.5204
503,2023-05-09 00:11:58,10.5103,10.5203
504,2023-05-09 00:11:59,10.5098,10.5198
506,2023-05-09 00:12:00,10.51,10.52
507,2023-05-09 00:12:01,10.51015,10.52015
509,2023-05-09 00:12:07,10.51025,10.52025
511,2023-05-09 00:12:11,10.51045,10.52045
513,2023-05-09 00:12:13,10.5104,10.5204
514,2023-05-09 00:12:14,10.5103,10.5203
515,2023-05-09 00:12:17,10.5105,10.5205
516,2023-05-09 00:12:19,10.5104,10.5204
517,2023-05-09 00:12:20,10.5101,10.5201
519,2023-05-09 00:12:21,10.5103,10.5203
520,2023-05-09 00:12:27,10.51025,10.52025
522,2023-05-09 00:12:28,10.5102,10.520199999999999
523,2023-05-09 00:12:33,10.510200000000001,10.520199999999999
525,2023-05-09 00:12:38,10.5104,10.5204
526,2023-05-09 00:12:40,10.51045,10.52045
528,2023-05-09 00:12:45,10.5103,10.5203
529,2023-05-09 00:12:47,10.5104,10.5204
530,2023-05-09 00:12:48,10.51075,10.52075
532,2023-05-09 00:12:49,10.5107,10.5207
533,2023-05-09 00:12:51,10.5106,10.5206
534,2023-05-09 00:12:53,10.51075,10.52075
536,2023-05-09 00:12:55,10.51085,10.52085
540,2023-05-09 00:12:58,10.51135,10.52135
542,2023-05-09 00:13:00,10.5115,10.5215
543,2023-05-09 00:13:02,10.51125,10.52125
545,2023-05-09 00:13:03,10.5114,10.5214
546,2023-05-09 00:13:04,10.51125,10.52125
548,2023-05-09 00:13:05,10.5115,10.5215
549,2023-05-09 00:13:08,10.5119,10.5219
550,2023-05-09 00:13:09,10.511800000000001,10.5218
551,2023-05-09 00:13:10,10.5117,10.5217
552,2023-05-09 00:13:12,10.511800000000001,10.5218
553,2023-05-09 00:13:14,10.5119,10.5219
554,2023-05-09 00:13:15,10.51195,10.52195
556,2023-05-09 00:13:16,10.511800000000001,10.5218
557,2023-05-09 00:13:17,10.5119,10.5219
558,2023-05-09 00:13:19,10.5116,10.5216
559,2023-05-09 00:13:20,10.5115,10.5215
560,2023-05-09 00:13:24,10.51135,10.52135
564,2023-05-09 00:13:30,10.5116,10.5216
565,2023-05-09 00:13:31,10.5115,10.5215
566,2023-05-09 00:13:32,10.51165,10.52165
568,2023-05-09 00:13:33,10.5116,10.5216
569,2023-05-09 00:13:34,10.511800000000001,10.521799999999999
571,2023-05-09 00:13:36,10.511800000000001,10.5218
572,2023-05-09 00:13:39,10.5119,10.5219
573,2023-05-09 00:13:42,10.51185,10.52185
575,2023-05-09 00:13:44,10.5124,10.5224
578,2023-05-09 00:13:45,10.5123,10.5223
579,2023-05-09 00:13:46,10.5124,10.5224
580,2023-05-09 00:13:47,10.5123,10.5223
581,2023-05-09 00:13:48,10.5122,10.5222
584,2023-05-09 00:13:49,10.5122,10.5222
585,2023-05-09 00:13:51,10.5123,10.5223
586,2023-05-09 00:13:53,10.5122,10.5222
589,2023-05-09 00:13:54,10.5122,10.5222
590,2023-05-09 00:14:00,10.5122,10.5222
591,2023-05-09 00:14:02,10.51225,10.52225
593,2023-05-09 00:14:06,10.5123,10.5223
594,2023-05-09 00:14:09,10.51235,10.52235
596,2023-05-09 00:14:10,10.5116,10.5216
597,2023-05-09 00:14:11,10.5115,10.5215
598,2023-05-09 00:14:12,10.5114,10.5214
599,2023-05-09 00:14:13,10.51155,10.52155
601,2023-05-09 00:14:14,10.5116,10.5216
602,2023-05-09 00:14:17,10.5117,10.5217
603,2023-05-09 00:14:19,10.5116,10.5216
604,2023-05-09 00:14:20,10.51165,10.52165
606,2023-05-09 00:14:23,10.5115,10.5215
607,2023-05-09 00:14:24,10.5116,10.5216
608,2023-05-09 00:14:27,10.5117,10.5217
609,2023-05-09 00:14:29,10.51165,10.52165
611,2023-05-09 00:14:30,10.5119,10.5219
612,2023-05-09 00:14:31,10.511800000000001,10.5218
613,2023-05-09 00:14:35,10.512,10.522
616,2023-05-09 00:14:36,10.5116,10.5216
617,2023-05-09 00:14:37,10.511800000000001,10.521799999999999
619,2023-05-09 00:14:39,10.5121,10.5221
620,2023-05-09 00:14:42,10.5125,10.5225
621,2023-05-09 00:14:47,10.512599999999999,10.5226
622,2023-05-09 00:14:48,10.51265,10.52265
624,2023-05-09 00:14:52,10.51265,10.52265
626,2023-05-09 00:14:54,10.51235,10.52235
628,2023-05-09 00:14:55,10.51255,10.52255
630,2023-05-09 00:14:56,10.5124,10.5224
631,2023-05-09 00:14:57,10.51205,10.52205
633,2023-05-09 00:15:00,10.5121,10.5221
635,2023-05-09 00:15:01,10.51195,10.52195
637,2023-05-09 00:15:02,10.51155,10.52155
639,2023-05-09 00:15:04,10.5113,10.5213
640,2023-05-09 00:15:05,10.5114,10.5214
641,2023-05-09 00:15:06,10.5116,10.5216
642,2023-05-09 00:15:08,10.511800000000001,10.5218
643,2023-05-09 00:15:09,10.5119,10.5219
646,2023-05-09 00:15:10,10.51195,10.52195
648,2023-05-09 00:15:11,10.512,10.522
649,2023-05-09 00:15:12,10.5119,10.5219
650,2023-05-09 00:15:15,10.5119,10.5219
652,2023-05-09 00:15:16,10.5119,10.5219
653,2023-05-09 00:15:18,10.5117,10.5217
654,2023-05-09 00:15:19,10.51175,10.52175
656,2023-05-09 00:15:20,10.5121,10.5221
657,2023-05-09 00:15:21,10.512,10.522
658,2023-05-09 00:15:25,10.5122,10.5222
659,2023-05-09 00:15:28,10.5121,10.5221
660,2023-05-09 00:15:29,10.51195,10.52195
662,2023-05-09 00:15:30,10.512,10.522
665,2023-05-09 00:15:34,10.5116,10.5216
666,2023-05-09 00:15:35,10.51165,10.52165
668,2023-05-09 00:15:42,10.5115,10.5215
669,2023-05-09 00:15:43,10.5116,10.5216
670,2023-05-09 00:15:44,10.511800000000001,10.5218
673,2023-05-09 00:15:46,10.51205,10.52205
675,2023-05-09 00:15:50,10.511700000000001,10.5217
677,2023-05-09 00:15:51,10.51155,10.52155
679,2023-05-09 00:15:52,10.51165,10.52165
681,2023-05-09 00:15:53,10.5117,10.5217
682,2023-05-09 00:15:55,10.5116,10.5216
683,2023-05-09 00:15:56,10.511800000000001,10.5218
684,2023-05-09 00:15:57,10.5116,10.5216
685,2023-05-09 00:16:00,10.5115,10.5215
687,2023-05-09 00:16:01,10.511,10.521
688,2023-05-09 00:16:02,10.511,10.521
690,2023-05-09 00:16:03,10.5114,10.5214
691,2023-05-09 00:16:21,10.51125,10.52125
693,2023-05-09 00:16:25,10.5115,10.5215
696,2023-05-09 00:16:26,10.5117,10.5217
697,2023-05-09 00:16:28,10.51165,10.52165
699,2023-05-09 00:16:29,10.5116,10.5216
700,2023-05-09 00:16:32,10.5117,10.5217
701,2023-05-09 00:16:34,10.5119,10.5219
702,2023-05-09 00:16:41,10.511800000000001,10.5218
703,2023-05-09 00:16:42,10.5122,10.5222
706,2023-05-09 00:16:44,10.512,10.522
707,2023-05-09 00:16:47,10.5122,10.5222
708,2023-05-09 00:16:49,10.5121,10.5221
709,2023-05-09 00:16:50,10.5122,10.5222
710,2023-05-09 00:16:56,10.5121,10.5221
711,2023-05-09 00:16:57,10.512,10.522
712,2023-05-09 00:16:58,10.51225,10.52225
714,2023-05-09 00:16:59,10.51235,10.52235
716,2023-05-09 00:17:00,10.51235,10.52235
718,2023-05-09 00:17:02,10.511800000000001,10.5218
719,2023-05-09 00:17:03,10.5117,10.5217
720,2023-05-09 00:17:04,10.51155,10.521550000000001
722,2023-05-09 00:17:05,10.5111,10.5211
723,2023-05-09 00:17:07,10.51115,10.52115
725,2023-05-09 00:17:09,10.5109,10.5209
726,2023-05-09 00:17:12,10.51115,10.52115
728,2023-05-09 00:17:17,10.511099999999999,10.5211
730,2023-05-09 00:17:21,10.511,10.521
731,2023-05-09 00:17:22,10.511,10.521
734,2023-05-09 00:17:26,10.51085,10.52085
736,2023-05-09 00:17:27,10.51125,10.52125
738,2023-05-09 00:17:33,10.51115,10.52115
740,2023-05-09 00:17:34,10.511,10.521
741,2023-05-09 00:17:37,10.5112,10.5212
742,2023-05-09 00:17:38,10.5111,10.5211
743,2023-05-09 00:17:40,10.511099999999999,10.5211
745,2023-05-09 00:17:43,10.5115,10.5215
746,2023-05-09 00:17:44,10.5114,10.5214
747,2023-05-09 00:17:45,10.5113,10.5213
748,2023-05-09 00:17:46,10.5114,10.5214
749,2023-05-09 00:17:47,10.5112,10.5212
751,2023-05-09 00:17:48,10.511,10.521
752,2023-05-09 00:17:49,10.5109,10.5209
753,2023-05-09 00:17:51,10.51095,10.52095
755,2023-05-09 00:17:53,10.5114,10.5214
758,2023-05-09 00:17:56,10.5117,10.5217
759,2023-05-09 00:17:57,10.5116,10.5216
760,2023-05-09 00:17:58,10.51185,10.52185
762,2023-05-09 00:18:00,10.511800000000001,10.5218
763,2023-05-09 00:18:04,10.5114,10.5214
766,2023-05-09 00:18:08,10.5117,10.5217
767,2023-05-09 00:18:10,10.5116,10.5216
768,2023-05-09 00:18:14,10.5115,10.5215
769,2023-05-09 00:18:15,10.511,10.521
770,2023-05-09 00:18:17,10.511050000000001,10.52105
772,2023-05-09 00:18:22,10.5109,10.5209
773,2023-05-09 00:18:26,10.511,10.521
774,2023-05-09 00:18:27,10.5109,10.5209
775,2023-05-09 00:18:28,10.51075,10.52075
777,2023-05-09 00:18:30,10.5108,10.5208
778,2023-05-09 00:18:38,10.511,10.521
779,2023-05-09 00:18:46,10.5109,10.5209
780,2023-05-09 00:18:47,10.511,10.521
781,2023-05-09 00:18:48,10.511,10.521
783,2023-05-09 00:18:52,10.5109,10.5209
784,2023-05-09 00:18:57,10.51085,10.52085
786,2023-05-09 00:18:58,10.5108,10.5208
787,2023-05-09 00:18:59,10.51095,10.52095
789,2023-05-09 00:19:01,10.5109,10.5209
790,2023-05-09 00:19:03,10.5108,10.5208
791,2023-05-09 00:19:06,10.5108,10.5208
793,2023-05-09 00:19:09,10.511,10.521
794,2023-05-09 00:19:10,10.5109,10.5209
795,2023-05-09 00:19:18,10.51045,10.52045
797,2023-05-09 00:19:19,10.51055,10.52055
799,2023-05-09 00:19:23,10.51035,10.52035
801,2023-05-09 00:19:30,10.5103,10.520299999999999
803,2023-05-09 00:19:31,10.5105,10.5205
804,2023-05-09 00:19:32,10.51055,10.52055
806,2023-05-09 00:19:33,10.5106,10.5206
807,2023-05-09 00:19:34,10.5105,10.5205
808,2023-05-09 00:19:36,10.5106,10.5206
809,2023-05-09 00:19:39,10.5105,10.5205
810,2023-05-09 00:19:40,10.5108,10.5208
811,2023-05-09 00:19:45,10.5107,10.5207
812,2023-05-09 00:19:50,10.5099,10.5199
815,2023-05-09 00:19:52,10.5098,10.5198
816,2023-05-09 00:19:58,10.5098,10.5198
819,2023-05-09 00:20:00,10.5095,10.5195
822,2023-05-09 00:20:01,10.5095,10.5195
824,2023-05-09 00:20:04,10.5095,10.5195
827,2023-05-09 00:20:05,10.5089,10.5189
828,2023-05-09 00:20:09,10.5088,10.5188
829,2023-05-09 00:20:15,10.5091,10.5191
831,2023-05-09 00:20:16,10.50925,10.51925
833,2023-05-09 00:20:18,10.5091,10.5191
834,2023-05-09 00:20:19,10.509,10.519
835,2023-05-09 00:20:21,10.5092,10.5192
836,2023-05-09 00:20:22,10.5091,10.5191
837,2023-05-09 00:20:24,10.50925,10.51925
839,2023-05-09 00:20:25,10.50945,10.519449999999999
841,2023-05-09 00:20:28,10.5092,10.5192
842,2023-05-09 00:20:29,10.5091,10.5191
843,2023-05-09 00:20:30,10.5092,10.5192
844,2023-05-09 00:20:31,10.5091,10.5191
845,2023-05-09 00:20:33,10.5089,10.5189
846,2023-05-09 00:20:38,10.5091,10.5191
847,2023-05-09 00:20:42,10.509,10.519
848,2023-05-09 00:20:43,10.5091,10.5191
849,2023-05-09 00:20:46,10.5092,10.5192
853,2023-05-09 00:20:48,10.5094,10.5194
854,2023-05-09 00:20:49,10.5093,10.5193
855,2023-05-09 00:20:54,10.5091,10.5191
858,2023-05-09 00:20:56,10.5092,10.5192
859,2023-05-09 00:20:58,10.50905,10.51905
861,2023-05-09 00:21:00,10.5088,10.518799999999999
863,2023-05-09 00:21:02,10.50855,10.51855
865,2023-05-09 00:21:07,10.5082,10.5182
867,2023-05-09 00:21:09,10.50815,10.51815
869,2023-05-09 00:21:10,10.508,10.518
870,2023-05-09 00:21:11,10.50815,10.51815
872,2023-05-09 00:21:12,10.50805,10.51805
874,2023-05-09 00:21:15,10.5085,10.5185
875,2023-05-09 00:21:16,10.5086,10.5186
878,2023-05-09 00:21:19,10.5088,10.5188
879,2023-05-09 00:21:20,10.5087,10.5187
880,2023-05-09 00:21:21,10.50875,10.51875
882,2023-05-09 00:21:22,10.5084,10.5184
883,2023-05-09 00:21:36,10.5086,10.5186
885,2023-05-09 00:21:37,10.5088,10.5188
886,2023-05-09 00:21:39,10.5087,10.5187
887,2023-05-09 00:21:40,10.50875,10.51875
889,2023-05-09 00:21:46,10.5088,10.5188
890,2023-05-09 00:21:51,10.5087,10.5187
891,2023-05-09 00:21:56,10.5088,10.5188
892,2023-05-09 00:22:00,10.5088,10.5188
893,2023-05-09 00:22:01,10.5087,10.5187
894,2023-05-09 00:22:02,10.509,10.519
897,2023-05-09 00:22:03,10.5092,10.5192
898,2023-05-09 00:22:04,10.5093,10.5193
899,2023-05-09 00:22:05,10.5092,10.5192
900,2023-05-09 00:22:06,10.5093,10.5193
901,2023-05-09 00:22:07,10.509450000000001,10.519449999999999
903,2023-05-09 00:22:09,10.5091,10.5191
904,2023-05-09 00:22:10,10.5091,10.5191
907,2023-05-09 00:22:15,10.50905,10.51905
909,2023-05-09 00:22:16,10.5092,10.5192
910,2023-05-09 00:22:20,10.50915,10.51915
912,2023-05-09 00:22:21,10.5093,10.5193
915,2023-05-09 00:22:22,10.50925,10.51925
917,2023-05-09 00:22:26,10.50945,10.519449999999999
919,2023-05-09 00:22:27,10.5091,10.5191
920,2023-05-09 00:22:29,10.5092,10.5192
921,2023-05-09 00:22:30,10.50915,10.51915
923,2023-05-09 00:22:31,10.5094,10.5194
924,2023-05-09 00:22:32,10.50945,10.519449999999999
926,2023-05-09 00:22:36,10.5095,10.5195
927,2023-05-09 00:22:37,10.5096,10.5196
930,2023-05-09 00:22:41,10.5097,10.5197
931,2023-05-09 00:22:45,10.5096,10.5196
932,2023-05-09 00:22:47,10.5106,10.5206
936,2023-05-09 00:22:48,10.5109,10.5209
939,2023-05-09 00:22:49,10.5108,10.5208
940,2023-05-09 00:22:50,10.5107,10.5207
941,2023-05-09 00:22:51,10.5109,10.5209
942,2023-05-09 00:22:53,10.51075,10.52075
944,2023-05-09 00:22:57,10.511050000000001,10.52105
946,2023-05-09 00:23:00,10.5111,10.5211
947,2023-05-09 00:23:07,10.51135,10.52135
949,2023-05-09 00:23:08,10.5113,10.5213
950,2023-05-09 00:23:09,10.5115,10.5215
951,2023-05-09 00:23:10,10.5113,10.5213
952,2023-05-09 00:23:11,10.51125,10.52125
954,2023-05-09 00:23:12,10.51135,10.52135
956,2023-05-09 00:23:13,10.5111,10.5211
957,2023-05-09 00:23:14,10.5112,10.5212
958,2023-05-09 00:23:15,10.5113,10.5213
959,2023-05-09 00:23:16,10.5112,10.5212
960,2023-05-09 00:23:21,10.51135,10.52135
962,2023-05-09 00:23:22,10.5114,10.5214
963,2023-05-09 00:23:23,10.5113,10.5213
964,2023-05-09 00:23:26,10.5112,10.5212
965,2023-05-09 00:23:27,10.51135,10.52135
967,2023-05-09 00:23:28,10.51145,10.52145
969,2023-05-09 00:23:30,10.5116,10.5216
973,2023-05-09 00:23:31,10.5115,10.5215
974,2023-05-09 00:23:32,10.5116,10.5216
977,2023-05-09 00:23:33,10.5115,10.5215
978,2023-05-09 00:23:36,10.51165,10.52165
980,2023-05-09 00:23:37,10.51155,10.52155
982,2023-05-09 00:23:38,10.5116,10.5216
983,2023-05-09 00:23:40,10.5115,10.5215
984,2023-05-09 00:23:41,10.5114,10.5214
985,2023-05-09 00:23:45,10.5113,10.5213
986,2023-05-09 00:23:47,10.5113,10.5213
989,2023-05-09 00:23:48,10.5115,10.5215
992,2023-05-09 00:23:50,10.5113,10.5213
993,2023-05-09 00:23:51,10.5114,10.5214
994,2023-05-09 00:23:52,10.5113,10.5213
995,2023-05-09 00:23:56,10.51145,10.52145
997,2023-05-09 00:23:57,10.5114,10.5214
998,2023-05-09 00:23:58,10.5115,10.5215
999,2023-05-09 00:24:00,10.51145,10.52145
1001,2023-05-09 00:24:04,10.5115,10.5215
1002,2023-05-09 00:24:06,10.5114,10.5214
1005,2023-05-09 00:24:07,10.5116,10.5216
1006,2023-05-09 00:24:11,10.51165,10.52165
1010,2023-05-09 00:24:17,10.5115,10.5215
1011,2023-05-09 00:24:18,10.5116,10.5216
1014,2023-05-09 00:24:21,10.5116,10.5216
1015,2023-05-09 00:24:23,10.511800000000001,10.5218
1019,2023-05-09 00:24:24,10.51185,10.52185
1021,2023-05-09 00:24:25,10.5117,10.5217
1022,2023-05-09 00:24:28,10.51175,10.52175
1024,2023-05-09 00:24:31,10.5114,10.5214
1025,2023-05-09 00:24:32,10.51165,10.52165
1027,2023-05-09 00:24:34,10.5116,10.5216
1028,2023-05-09 00:24:37,10.5116,10.5216
1030,2023-05-09 00:24:38,10.51165,10.52165
1032,2023-05-09 00:24:39,10.5116,10.5216
1033,2023-05-09 00:24:41,10.51145,10.52145
1035,2023-05-09 00:24:42,10.5113,10.5213
1036,2023-05-09 00:24:48,10.5112,10.5212
1037,2023-05-09 00:24:49,10.5113,10.5213
1038,2023-05-09 00:24:50,10.5112,10.5212
1039,2023-05-09 00:24:52,10.5112,10.5212
1042,2023-05-09 00:24:53,10.51135,10.52135
1044,2023-05-09 00:24:54,10.5112,10.5212
1045,2023-05-09 00:24:56,10.5112,10.5212
1047,2023-05-09 00:24:57,10.5112,10.5212
1048,2023-05-09 00:24:58,10.51135,10.52135
1050,2023-05-09 00:25:00,10.5113,10.5213
1051,2023-05-09 00:25:02,10.5115,10.5215
1052,2023-05-09 00:25:03,10.5114,10.5214
1053,2023-05-09 00:25:09,10.5115,10.5215
1054,2023-05-09 00:25:19,10.512,10.522
1055,2023-05-09 00:25:20,10.512799999999999,10.5228
1057,2023-05-09 00:25:21,10.5133,10.5233
1060,2023-05-09 00:25:22,10.51305,10.52305
1064,2023-05-09 00:25:23,10.5131,10.5231
1065,2023-05-09 00:25:25,10.513,10.523
1066,2023-05-09 00:25:26,10.5129,10.5229
1067,2023-05-09 00:25:27,10.512599999999999,10.5226
1068,2023-05-09 00:25:28,10.51315,10.52315
1070,2023-05-09 00:25:29,10.513300000000001,10.523299999999999
1074,2023-05-09 00:25:30,10.5135,10.5235
1075,2023-05-09 00:25:32,10.5139,10.5239
1079,2023-05-09 00:25:33,10.51405,10.52405
1081,2023-05-09 00:25:34,10.5139,10.5239
1082,2023-05-09 00:25:36,10.5141,10.5241
1083,2023-05-09 00:25:38,10.514,10.524000000000001
1084,2023-05-09 00:25:39,10.51385,10.52385
1086,2023-05-09 00:25:40,10.51395,10.52395
1088,2023-05-09 00:25:41,10.514,10.524000000000001
1089,2023-05-09 00:25:42,10.5139,10.5239
1090,2023-05-09 00:25:44,10.514,10.524000000000001
1091,2023-05-09 00:25:45,10.5139,10.5239
1092,2023-05-09 00:25:46,10.51385,10.52385
1094,2023-05-09 00:25:48,10.5136,10.5236
1097,2023-05-09 00:25:49,10.5136,10.5236
1098,2023-05-09 00:25:50,10.5135,10.5235
1099,2023-05-09 00:25:51,10.5136,10.5236
1100,2023-05-09 00:25:53,10.5128,10.5228
1101,2023-05-09 00:25:54,10.51285,10.52285
1103,2023-05-09 00:25:55,10.5129,10.5229
1104,2023-05-09 00:26:00,10.51295,10.52295
1106,2023-05-09 00:26:01,10.5129,10.5229
1107,2023-05-09 00:26:09,10.5123,10.522300000000001
1109,2023-05-09 00:26:10,10.5134,10.5234
1112,2023-05-09 00:26:11,10.513349999999999,10.52335
1114,2023-05-09 00:26:13,10.5132,10.5232
1115,2023-05-09 00:26:14,10.5134,10.5234
1116,2023-05-09 00:26:15,10.5133,10.5233
1117,2023-05-09 00:26:18,10.5132,10.5232
1118,2023-05-09 00:26:19,10.5133,10.5233
1119,2023-05-09 00:26:20,10.51355,10.52355
1121,2023-05-09 00:26:21,10.5136,10.5236
1122,2023-05-09 00:26:22,10.5137,10.5237
1123,2023-05-09 00:26:24,10.5136,10.5236
1124,2023-05-09 00:26:25,10.5137,10.5237
1125,2023-05-09 00:26:26,10.5136,10.5236
1128,2023-05-09 00:26:27,10.5138,10.5238
1130,2023-05-09 00:26:30,10.51395,10.52395
1132,2023-05-09 00:26:31,10.51395,10.52395
1134,2023-05-09 00:26:36,10.5136,10.5236
1135,2023-05-09 00:26:38,10.513349999999999,10.52335
1139,2023-05-09 00:26:39,10.5138,10.5238
1140,2023-05-09 00:26:40,10.51395,10.52395
1142,2023-05-09 00:26:41,10.5139,10.5239
1143,2023-05-09 00:26:47,10.51375,10.52375
1145,2023-05-09 00:26:48,10.51385,10.52385
1147,2023-05-09 00:26:49,10.5139,10.5239
1148,2023-05-09 00:26:50,10.51385,10.52385
1150,2023-05-09 00:26:51,10.5142,10.5242
1153,2023-05-09 00:26:52,10.5143,10.5243
1154,2023-05-09 00:26:53,10.5143,10.5243
1156,2023-05-09 00:26:55,10.51425,10.52425
1158,2023-05-09 00:26:58,10.5141,10.5241
1159,2023-05-09 00:26:59,10.5142,10.5242
1160,2023-05-09 00:27:00,10.5142,10.5242
1161,2023-05-09 00:27:01,10.514199999999999,10.5242
1163,2023-05-09 00:27:02,10.51435,10.52435
1165,2023-05-09 00:27:03,10.51425,10.52425
1167,2023-05-09 00:27:04,10.5142,10.5242
1170,2023-05-09 00:27:05,10.51425,10.52425
1172,2023-05-09 00:27:06,10.51425,10.52425
1174,2023-05-09 00:27:08,10.5143,10.5243
1175,2023-05-09 00:27:10,10.51425,10.52425
1179,2023-05-09 00:27:11,10.5143,10.5243
1181,2023-05-09 00:27:13,10.5145,10.5245
1182,2023-05-09 00:27:15,10.5144,10.5244
1183,2023-05-09 00:27:21,10.5145,10.5245
1184,2023-05-09 00:27:22,10.5148,10.5248
1187,2023-05-09 00:27:23,10.5149,10.5249
1188,2023-05-09 00:27:25,10.5147,10.5247
1189,2023-05-09 00:27:27,10.5146,10.5246
1190,2023-05-09 00:27:28,10.5147,10.5247
1191,2023-05-09 00:27:29,10.5146,10.5246
1194,2023-05-09 00:27:31,10.5148,10.5248
1195,2023-05-09 00:27:32,10.5144,10.5244
1198,2023-05-09 00:27:33,10.5144,10.5244
1199,2023-05-09 00:27:34,10.5143,10.5243
1200,2023-05-09 00:27:38,10.5142,10.5242
1201,2023-05-09 00:27:42,10.51445,10.52445
1205,2023-05-09 00:27:43,10.5145,10.5245
1206,2023-05-09 00:27:44,10.5144,10.5244
1207,2023-05-09 00:27:45,10.51445,10.52445
1209,2023-05-09 00:27:46,10.5145,10.5245
1210,2023-05-09 00:27:47,10.51445,10.52445
1212,2023-05-09 00:27:48,10.5144,10.5244
1213,2023-05-09 00:27:49,10.51445,10.52445
1215,2023-05-09 00:27:50,10.5145,10.5245
1216,2023-05-09 00:27:52,10.51445,10.52445
1218,2023-05-09 00:27:53,10.51445,10.52445
1220,2023-05-09 00:27:55,10.5144,10.5244
1221,2023-05-09 00:27:56,10.513349999999999,10.52335
1223,2023-05-09 00:27:57,10.5132,10.5232
1224,2023-05-09 00:28:00,10.51315,10.52315
1226,2023-05-09 00:28:04,10.5129,10.5229
1229,2023-05-09 00:28:05,10.51365,10.52365
1231,2023-05-09 00:28:06,10.5137,10.5237
1232,2023-05-09 00:28:07,10.5136,10.5236
1233,2023-05-09 00:28:11,10.5134,10.5234
1234,2023-05-09 00:28:13,10.5135,10.5235
1235,2023-05-09 00:28:14,10.5134,10.5234
1236,2023-05-09 00:28:18,10.5136,10.5236
1237,2023-05-09 00:28:21,10.5135,10.5235
1238,2023-05-09 00:28:22,10.51355,10.52355
1240,2023-05-09 00:28:23,10.51355,10.52355
1242,2023-05-09 00:28:24,10.5136,10.5236
1243,2023-05-09 00:28:25,10.5135,10.5235
1244,2023-05-09 00:28:26,10.5136,10.5236
1245,2023-05-09 00:28:28,10.5135,10.5235
1246,2023-05-09 00:28:30,10.5139,10.5239
1249,2023-05-09 00:28:32,10.51385,10.52385
1251,2023-05-09 00:28:42,10.5137,10.5237
1252,2023-05-09 00:28:43,10.513349999999999,10.52335
1254,2023-05-09 00:28:44,10.5133,10.5233
1255,2023-05-09 00:28:46,10.5134,10.5234
1256,2023-05-09 00:28:48,10.5133,10.5233
1257,2023-05-09 00:28:50,10.51345,10.52345
1259,2023-05-09 00:29:00,10.5135,10.5235
1260,2023-05-09 00:29:03,10.5134,10.5234
1261,2023-05-09 00:29:04,10.5131,10.5231
1262,2023-05-09 00:29:08,10.5132,10.5232
1263,2023-05-09 00:29:11,10.5131,10.5231
1264,2023-05-09 00:29:18,10.51375,10.52375
1266,2023-05-09 00:29:20,10.5135,10.5235
1269,2023-05-09 00:29:21,10.51325,10.52325
1271,2023-05-09 00:29:22,10.51295,10.52295
1273,2023-05-09 00:29:23,10.5128,10.5228
1274,2023-05-09 00:29:25,10.512599999999999,10.5226
1275,2023-05-09 00:29:27,10.51255,10.52255
1277,2023-05-09 00:29:30,10.5125,10.5225
1278,2023-05-09 00:29:31,10.512599999999999,10.5226
1279,2023-05-09 00:29:32,10.5125,10.5225
1280,2023-05-09 00:29:38,10.5125,10.5225
1282,2023-05-09 00:29:39,10.5123,10.5223
1283,2023-05-09 00:29:40,10.5124,10.5224
1284,2023-05-09 00:29:43,10.5123,10.5223
1285,2023-05-09 00:29:44,10.5124,10.5224
1286,2023-05-09 00:29:45,10.51235,10.52235
1288,2023-05-09 00:29:46,10.5123,10.5223
1289,2023-05-09 00:29:47,10.51235,10.52235
1291,2023-05-09 00:29:48,10.5124,10.5224
1292,2023-05-09 00:29:49,10.5123,10.5223
1293,2023-05-09 00:29:50,10.51235,10.52235
1295,2023-05-09 00:29:51,10.51235,10.52235
1297,2023-05-09 00:29:53,10.5119,10.5219
1298,2023-05-09 00:29:54,10.511800000000001,10.5218
1299,2023-05-09 00:29:56,10.5119,10.5219
1300,2023-05-09 00:29:58,10.511800000000001,10.5218
1301,2023-05-09 00:30:00,10.51185,10.52185
1305,2023-05-09 00:30:01,10.51185,10.52185
1307,2023-05-09 00:30:02,10.511800000000001,10.5218
1308,2023-05-09 00:30:03,10.511800000000001,10.5218
1311,2023-05-09 00:30:04,10.51135,10.52135
1313,2023-05-09 00:30:06,10.51135,10.52135
1315,2023-05-09 00:30:08,10.51135,10.52135
1317,2023-05-09 00:30:11,10.51135,10.52135
1319,2023-05-09 00:30:12,10.5112,10.5212
1320,2023-05-09 00:30:14,10.5113,10.5213
1323,2023-05-09 00:30:15,10.5114,10.5214
1326,2023-05-09 00:30:16,10.5113,10.5213
1327,2023-05-09 00:30:17,10.5112,10.5212
1328,2023-05-09 00:30:18,10.5111,10.5211
1329,2023-05-09 00:30:20,10.511,10.521
1330,2023-05-09 00:30:21,10.51085,10.52085
1332,2023-05-09 00:30:22,10.51095,10.52095
1334,2023-05-09 00:30:23,10.51095,10.52095
1336,2023-05-09 00:30:24,10.5112,10.5212
1338,2023-05-09 00:30:25,10.51125,10.52125
1340,2023-05-09 00:30:26,10.5112,10.5212
1341,2023-05-09 00:30:27,10.5115,10.5215
1342,2023-05-09 00:30:30,10.5116,10.5216
1343,2023-05-09 00:30:31,10.51185,10.52185
1345,2023-05-09 00:30:37,10.5117,10.5217
1346,2023-05-09 00:30:39,10.511800000000001,10.5218
1347,2023-05-09 00:30:40,10.51175,10.52175
1349,2023-05-09 00:30:41,10.5117,10.5217
1350,2023-05-09 00:30:44,10.51175,10.52175
1352,2023-05-09 00:30:46,10.51125,10.52125
1354,2023-05-09 00:30:47,10.5112,10.5212
1355,2023-05-09 00:30:49,10.5113,10.5213
1356,2023-05-09 00:30:51,10.5112,10.5212
1357,2023-05-09 00:30:53,10.5113,10.5213
1358,2023-05-09 00:30:54,10.5113,10.5213
1360,2023-05-09 00:30:58,10.5113,10.5213
1361,2023-05-09 00:30:59,10.5112,10.5212
1362,2023-05-09 00:31:00,10.51125,10.52125
1364,2023-05-09 00:31:01,10.5112,10.5212
1365,2023-05-09 00:31:03,10.511050000000001,10.52105
1367,2023-05-09 00:31:04,10.5111,10.5211
1368,2023-05-09 00:31:05,10.51125,10.52125
1370,2023-05-09 00:31:06,10.51125,10.52125
1372,2023-05-09 00:31:09,10.5112,10.5212
1373,2023-05-09 00:31:10,10.511050000000001,10.52105
1375,2023-05-09 00:31:14,10.5113,10.5213
1376,2023-05-09 00:31:16,10.511099999999999,10.5211
1380,2023-05-09 00:31:17,10.5114,10.5214
1381,2023-05-09 00:31:18,10.51135,10.52135
1383,2023-05-09 00:31:19,10.5115,10.5215
1384,2023-05-09 00:31:22,10.5114,10.5214
1385,2023-05-09 00:31:24,10.5116,10.5216
1386,2023-05-09 00:31:26,10.51155,10.52155
1388,2023-05-09 00:31:28,10.5115,10.5215
1389,2023-05-09 00:31:29,10.5116,10.5216
1390,2023-05-09 00:31:31,10.5115,10.5215
1391,2023-05-09 00:31:33,10.51145,10.52145
1393,2023-05-09 00:31:34,10.5114,10.5214
1394,2023-05-09 00:31:35,10.5115,10.5215
1395,2023-05-09 00:31:41,10.5114,10.5214
1398,2023-05-09 00:31:42,10.5114,10.5214
1401,2023-05-09 00:31:43,10.5112,10.5212
1404,2023-05-09 00:31:44,10.5113,10.5213
1405,2023-05-09 00:31:46,10.5112,10.5212
1406,2023-05-09 00:31:54,10.5115,10.5215
1407,2023-05-09 00:31:55,10.5115,10.5215
1409,2023-05-09 00:31:56,10.51145,10.52145
1411,2023-05-09 00:31:57,10.51145,10.52145
1413,2023-05-09 00:31:58,10.5115,10.5215
1414,2023-05-09 00:31:59,10.5114,10.5214
1415,2023-05-09 00:32:00,10.5115,10.5215
1417,2023-05-09 00:32:01,10.51145,10.52145
1419,2023-05-09 00:32:02,10.5113,10.5213
1420,2023-05-09 00:32:04,10.5111,10.5211
1421,2023-05-09 00:32:05,10.51115,10.52115
1423,2023-05-09 00:32:06,10.5112,10.5212
1424,2023-05-09 00:32:07,10.51095,10.52095
1428,2023-05-09 00:32:08,10.51085,10.52085
1430,2023-05-09 00:32:09,10.5109,10.5209
1431,2023-05-09 00:32:10,10.5108,10.5208
1432,2023-05-09 00:32:11,10.5109,10.5209
1433,2023-05-09 00:32:12,10.5108,10.5208
1434,2023-05-09 00:32:13,10.5109,10.5209
1435,2023-05-09 00:32:16,10.5108,10.5208
1436,2023-05-09 00:32:20,10.5109,10.5209
1437,2023-05-09 00:32:23,10.5108,10.5208
1438,2023-05-09 00:32:25,10.511050000000001,10.52105
1442,2023-05-09 00:32:26,10.5114,10.5214
1445,2023-05-09 00:32:30,10.5113,10.5213
1446,2023-05-09 00:32:34,10.51135,10.52135
1448,2023-05-09 00:32:35,10.51125,10.52125
1450,2023-05-09 00:32:37,10.51135,10.52135
1452,2023-05-09 00:32:42,10.5114,10.5214
1453,2023-05-09 00:32:43,10.5115,10.5215
1454,2023-05-09 00:32:44,10.51155,10.52155
1456,2023-05-09 00:32:45,10.511800000000001,10.5218
1459,2023-05-09 00:32:50,10.51145,10.52145
1461,2023-05-09 00:32:51,10.51145,10.52145
1463,2023-05-09 00:32:55,10.5115,10.5215
1466,2023-05-09 00:32:57,10.5117,10.5217
1467,2023-05-09 00:33:00,10.5116,10.5216
1468,2023-05-09 00:33:01,10.511800000000001,10.521799999999999
1470,2023-05-09 00:33:02,10.51195,10.52195
1472,2023-05-09 00:33:05,10.51185,10.52185
1474,2023-05-09 00:33:06,10.511800000000001,10.5218
1475,2023-05-09 00:33:11,10.51185,10.52185
1477,2023-05-09 00:33:12,10.5121,10.5221
1479,2023-05-09 00:33:13,10.5123,10.5223
1480,2023-05-09 00:33:14,10.5122,10.5222
1481,2023-05-09 00:33:16,10.5123,10.5223
1484,2023-05-09 00:33:23,10.5122,10.5222
1485,2023-05-09 00:33:24,10.5123,10.5223
1486,2023-05-09 00:33:25,10.5122,10.5222
1487,2023-05-09 00:33:26,10.5125,10.5225
1490,2023-05-09 00:33:27,10.51235,10.52235
1492,2023-05-09 00:33:28,10.5125,10.5225
1493,2023-05-09 00:33:29,10.512599999999999,10.5226
1494,2023-05-09 00:33:30,10.5123,10.5223
1497,2023-05-09 00:33:32,10.51185,10.52185
1499,2023-05-09 00:33:35,10.5117,10.5217
1500,2023-05-09 00:33:36,10.51145,10.52145
1502,2023-05-09 00:33:37,10.5113,10.5213
1503,2023-05-09 00:33:38,10.5117,10.5217
1506,2023-05-09 00:33:39,10.5116,10.5216
1507,2023-05-09 00:33:43,10.5115,10.5215
1508,2023-05-09 00:33:44,10.5114,10.5214
1509,2023-05-09 00:33:46,10.51145,10.52145
1511,2023-05-09 00:33:47,10.5113,10.5213
1512,2023-05-09 00:33:48,10.5114,10.5214
1513,2023-05-09 00:33:51,10.5113,10.5213
1514,2023-05-09 00:33:52,10.5114,10.5214
1515,2023-05-09 00:33:54,10.5113,10.5213
1516,2023-05-09 00:33:56,10.5116,10.5216
1517,2023-05-09 00:34:00,10.5115,10.5215
1519,2023-05-09 00:34:01,10.5113,10.5213
1520,2023-05-09 00:34:02,10.51135,10.52135
1522,2023-05-09 00:34:06,10.5116,10.5216
1523,2023-05-09 00:34:16,10.5114,10.5214
1524,2023-05-09 00:34:17,10.5113,10.5213
1525,2023-05-09 00:34:18,10.51135,10.52135
1527,2023-05-09 00:34:21,10.5114,10.5214
1528,2023-05-09 00:34:23,10.51135,10.52135
1530,2023-05-09 00:34:34,10.5113,10.5213
1531,2023-05-09 00:34:36,10.5114,10.5214
1532,2023-05-09 00:34:37,10.51165,10.52165
1534,2023-05-09 00:34:47,10.5115,10.5215
1535,2023-05-09 00:34:48,10.5116,10.5216
1536,2023-05-09 00:34:50,10.5115,10.5215
1537,2023-05-09 00:34:51,10.5116,10.5216
1538,2023-05-09 00:34:56,10.5115,10.5215
1539,2023-05-09 00:34:57,10.5116,10.5216
1540,2023-05-09 00:34:58,10.5115,10.5215
1541,2023-05-09 00:34:59,10.51145,10.52145
1543,2023-05-09 00:35:00,10.51155,10.52155
1545,2023-05-09 00:35:01,10.5115,10.5215
1546,2023-05-09 00:35:05,10.5114,10.5214
1549,2023-05-09 00:35:06,10.5115,10.5215
1550,2023-05-09 00:35:08,10.5114,10.5214
1551,2023-05-09 00:35:09,10.51135,10.52135
1553,2023-05-09 00:35:10,10.51135,10.52135
1555,2023-05-09 00:35:17,10.5116,10.5216
1556,2023-05-09 00:35:18,10.5115,10.5215
1557,2023-05-09 00:35:23,10.5116,10.5216
1558,2023-05-09 00:35:25,10.51155,10.52155
1560,2023-05-09 00:35:26,10.51155,10.52155
1562,2023-05-09 00:35:28,10.5117,10.5217
1563,2023-05-09 00:35:31,10.51165,10.52165
1565,2023-05-09 00:35:32,10.51155,10.52155
1567,2023-05-09 00:35:33,10.5116,10.5216
1568,2023-05-09 00:35:34,10.51145,10.52145
1570,2023-05-09 00:35:35,10.510950000000001,10.52095
1572,2023-05-09 00:35:36,10.5106,10.5206
1573,2023-05-09 00:35:41,10.5108,10.5208
1574,2023-05-09 00:35:42,10.5106,10.5206
1575,2023-05-09 00:35:47,10.51075,10.52075
1577,2023-05-09 00:35:51,10.5109,10.5209
1578,2023-05-09 00:35:52,10.51085,10.52085
1580,2023-05-09 00:35:57,10.511,10.521
1582,2023-05-09 00:36:03,10.5112,10.5212
1583,2023-05-09 00:36:09,10.5111,10.5211
1584,2023-05-09 00:36:12,10.5112,10.5212
1585,2023-05-09 00:36:27,10.51155,10.52155
1587,2023-05-09 00:36:28,10.51155,10.52155
1589,2023-05-09 00:36:29,10.50985,10.51985
1593,2023-05-09 00:36:30,10.50935,10.51935
1595,2023-05-09 00:36:33,10.50935,10.51935
1597,2023-05-09 00:36:36,10.5094,10.5194
1598,2023-05-09 00:36:38,10.5095,10.5195
1599,2023-05-09 00:36:39,10.5094,10.5194
1600,2023-05-09 00:36:41,10.50945,10.519449999999999
1602,2023-05-09 00:36:43,10.5095,10.5195
1603,2023-05-09 00:36:45,10.5094,10.5194
1604,2023-05-09 00:36:46,10.5095,10.5195
1607,2023-05-09 00:36:48,10.5094,10.5194
1608,2023-05-09 00:36:50,10.50965,10.51965
1610,2023-05-09 00:36:52,10.5095,10.5195
1611,2023-05-09 00:36:57,10.50955,10.51955
1613,2023-05-09 00:37:03,10.5095,10.5195
1614,2023-05-09 00:37:04,10.5098,10.5198
1615,2023-05-09 00:37:05,10.5096,10.5196
1616,2023-05-09 00:37:06,10.5095,10.5195
1617,2023-05-09 00:37:08,10.50965,10.51965
1619,2023-05-09 00:37:09,10.50975,10.51975
1621,2023-05-09 00:37:11,10.50975,10.51975
1623,2023-05-09 00:37:15,10.509599999999999,10.5196
1625,2023-05-09 00:37:17,10.50955,10.51955
1627,2023-05-09 00:37:19,10.5096,10.5196
1628,2023-05-09 00:37:20,10.5095,10.5195
1629,2023-05-09 00:37:21,10.5092,10.5192
1630,2023-05-09 00:37:22,10.5091,10.5191
1631,2023-05-09 00:37:23,10.5092,10.5192
1632,2023-05-09 00:37:25,10.5091,10.5191
1633,2023-05-09 00:37:28,10.5093,10.5193
1636,2023-05-09 00:37:29,10.5092,10.5192
1637,2023-05-09 00:37:32,10.5088,10.5188
1640,2023-05-09 00:37:33,10.50905,10.51905
1642,2023-05-09 00:37:35,10.5088,10.5188
1643,2023-05-09 00:37:36,10.5085,10.5185
1646,2023-05-09 00:37:37,10.5085,10.5185
1647,2023-05-09 00:37:39,10.5084,10.5184
1648,2023-05-09 00:37:40,10.5085,10.5185
1651,2023-05-09 00:37:41,10.50845,10.51845
1653,2023-05-09 00:37:42,10.5084,10.5184
1656,2023-05-09 00:37:46,10.5085,10.5185
1657,2023-05-09 00:37:47,10.50835,10.51835
1659,2023-05-09 00:37:48,10.50835,10.51835
1661,2023-05-09 00:37:49,10.50845,10.51845
1663,2023-05-09 00:37:53,10.5085,10.5185
1665,2023-05-09 00:37:54,10.5085,10.5185
1666,2023-05-09 00:37:59,10.50845,10.51845
1668,2023-05-09 00:38:00,10.5082,10.5182
1669,2023-05-09 00:38:01,10.5085,10.5185
1670,2023-05-09 00:38:02,10.5083,10.5183
1673,2023-05-09 00:38:03,10.5082,10.5182
1674,2023-05-09 00:38:06,10.50825,10.51825
1676,2023-05-09 00:38:13,10.5083,10.5183
1677,2023-05-09 00:38:14,10.50815,10.51815
1679,2023-05-09 00:38:15,10.50795,10.51795
1681,2023-05-09 00:38:16,10.50775,10.51775
1683,2023-05-09 00:38:19,10.50715,10.51715
1685,2023-05-09 00:38:23,10.507,10.517
1686,2023-05-09 00:38:24,10.50705,10.51705
1688,2023-05-09 00:38:25,10.5068,10.5168
1689,2023-05-09 00:38:29,10.5072,10.5172
1690,2023-05-09 00:38:30,10.5072,10.5172
1693,2023-05-09 00:38:39,10.507,10.517
1694,2023-05-09 00:38:40,10.507249999999999,10.51725
1696,2023-05-09 00:38:41,10.5071,10.5171
1697,2023-05-09 00:38:50,10.507,10.517
1698,2023-05-09 00:38:52,10.5067,10.5167
1701,2023-05-09 00:38:59,10.50665,10.51665
1703,2023-05-09 00:39:00,10.5067,10.5167
1704,2023-05-09 00:39:01,10.5066,10.5166
1705,2023-05-09 00:39:04,10.50615,10.51615
1707,2023-05-09 00:39:05,10.505700000000001,10.5157
1710,2023-05-09 00:39:06,10.50635,10.51635
1712,2023-05-09 00:39:07,10.50625,10.51625
1714,2023-05-09 00:39:09,10.50625,10.51625
1716,2023-05-09 00:39:11,10.5062,10.5162
1717,2023-05-09 00:39:14,10.5061,10.5161
1718,2023-05-09 00:39:15,10.50575,10.51575
1720,2023-05-09 00:39:16,10.50565,10.51565
1722,2023-05-09 00:39:18,10.50555,10.51555
1724,2023-05-09 00:39:19,10.5059,10.5159
1725,2023-05-09 00:39:20,10.506,10.516
1726,2023-05-09 00:39:21,10.5059,10.5159
1727,2023-05-09 00:39:24,10.5058,10.5158
1728,2023-05-09 00:39:25,10.50585,10.51585
1730,2023-05-09 00:39:26,10.5059,10.5159
1731,2023-05-09 00:39:30,10.506,10.516
1732,2023-05-09 00:39:38,10.5061,10.5161
1733,2023-05-09 00:39:40,10.5063,10.516300000000001
1735,2023-05-09 00:39:41,10.506499999999999,10.5165
1736,2023-05-09 00:39:48,10.5064,10.5164
1737,2023-05-09 00:39:50,10.5066,10.5166
1738,2023-05-09 00:39:51,10.50635,10.51635
1740,2023-05-09 00:39:52,10.5063,10.516300000000001
1742,2023-05-09 00:39:53,10.5061,10.5161
1745,2023-05-09 00:39:55,10.506,10.516
1746,2023-05-09 00:39:57,10.50615,10.51615
1748,2023-05-09 00:39:58,10.5063,10.5163
1749,2023-05-09 00:40:00,10.50625,10.51625
1751,2023-05-09 00:40:01,10.5062,10.5162
1752,2023-05-09 00:40:02,10.50625,10.51625
1754,2023-05-09 00:40:04,10.5063,10.5163
1757,2023-05-09 00:40:06,10.50625,10.51625
1759,2023-05-09 00:40:08,10.5062,10.5162
1761,2023-05-09 00:40:09,10.50625,10.51625
1763,2023-05-09 00:40:11,10.5066,10.5166
1766,2023-05-09 00:40:12,10.50635,10.51635
1768,2023-05-09 00:40:13,10.5064,10.5164
1769,2023-05-09 00:40:15,10.5063,10.5163
1770,2023-05-09 00:40:16,10.5063,10.5163
1773,2023-05-09 00:40:17,10.5059,10.5159
1776,2023-05-09 00:40:21,10.506,10.516
1777,2023-05-09 00:40:22,10.5061,10.5161
1778,2023-05-09 00:40:23,10.506,10.516
1779,2023-05-09 00:40:24,10.5062,10.5162
1780,2023-05-09 00:40:26,10.5061,10.5161
1781,2023-05-09 00:40:27,10.5062,10.5162
1782,2023-05-09 00:40:28,10.5063,10.5163
1785,2023-05-09 00:40:29,10.50625,10.51625
1787,2023-05-09 00:40:30,10.5063,10.5163
1790,2023-05-09 00:40:31,10.50605,10.51605
1792,2023-05-09 00:40:32,10.5059,10.5159
1793,2023-05-09 00:40:33,10.50595,10.51595
1795,2023-05-09 00:40:34,10.506,10.516
1796,2023-05-09 00:40:36,10.5059,10.5159
1797,2023-05-09 00:40:38,10.5058,10.5158
1800,2023-05-09 00:40:40,10.5059,10.5159
1801,2023-05-09 00:40:41,10.5058,10.5158
1802,2023-05-09 00:40:42,10.50575,10.51575
1804,2023-05-09 00:40:43,10.50575,10.51575
1806,2023-05-09 00:40:45,10.505700000000001,10.5157
1807,2023-05-09 00:40:46,10.5058,10.5158
1808,2023-05-09 00:40:48,10.50575,10.51575
1810,2023-05-09 00:40:49,10.50575,10.51575
1812,2023-05-09 00:40:50,10.505700000000001,10.5157
1813,2023-05-09 00:40:51,10.5059,10.5159
1815,2023-05-09 00:40:52,10.5059,10.5159
1816,2023-05-09 00:40:54,10.5058,10.5158
1817,2023-05-09 00:40:55,10.50585,10.51585
1819,2023-05-09 00:40:56,10.5059,10.5159
1820,2023-05-09 00:40:57,10.5058,10.5158
1821,2023-05-09 00:40:58,10.5059,10.5159
1824,2023-05-09 00:41:00,10.5059,10.5159
1825,2023-05-09 00:41:02,10.50585,10.51585
1827,2023-05-09 00:41:03,10.506,10.516
1828,2023-05-09 00:41:09,10.50605,10.51605
1830,2023-05-09 00:41:10,10.5062,10.5162
1831,2023-05-09 00:41:11,10.50625,10.51625
1833,2023-05-09 00:41:12,10.50615,10.51615
1835,2023-05-09 00:41:13,10.5061,10.5161
1836,2023-05-09 00:41:14,10.50615,10.51615
1840,2023-05-09 00:41:15,10.5062,10.5162
1841,2023-05-09 00:41:16,10.5063,10.5163
1842,2023-05-09 00:41:17,10.5062,10.5162
1843,2023-05-09 00:41:19,10.50635,10.51635
1845,2023-05-09 00:41:20,10.5063,10.5163
1848,2023-05-09 00:41:21,10.5064,10.5164
1851,2023-05-09 00:41:22,10.5064,10.5164
1853,2023-05-09 00:41:23,10.5064,10.5164
1854,2023-05-09 00:41:24,10.5063,10.5163
1855,2023-05-09 00:41:25,10.50625,10.51625
1857,2023-05-09 00:41:26,10.5061,10.5161
1860,2023-05-09 00:41:27,10.50615,10.51615
1862,2023-05-09 00:41:31,10.50605,10.51605
1864,2023-05-09 00:41:32,10.50615,10.51615
1866,2023-05-09 00:41:33,10.506,10.516
1867,2023-05-09 00:41:34,10.50615,10.51615
1869,2023-05-09 00:41:35,10.506,10.516
1872,2023-05-09 00:41:36,10.5059,10.5159
1874,2023-05-09 00:41:37,10.5059,10.5159
1875,2023-05-09 00:41:38,10.5058,10.5158
1876,2023-05-09 00:41:39,10.5059,10.5159
1877,2023-05-09 00:41:42,10.50615,10.51615
1879,2023-05-09 00:41:44,10.50615,10.51615
1881,2023-05-09 00:41:49,10.50615,10.51615
1883,2023-05-09 00:41:50,10.50635,10.51635
1885,2023-05-09 00:41:51,10.5062,10.5162
1886,2023-05-09 00:41:52,10.5063,10.516300000000001
1888,2023-05-09 00:41:53,10.50635,10.51635
1890,2023-05-09 00:41:55,10.5062,10.5162
1891,2023-05-09 00:41:59,10.50605,10.51605
1893,2023-05-09 00:42:00,10.506,10.516
1894,2023-05-09 00:42:01,10.5061,10.5161
1895,2023-05-09 00:42:02,10.5067,10.5167
1896,2023-05-09 00:42:04,10.5062,10.5162
1899,2023-05-09 00:42:05,10.506,10.516
1900,2023-05-09 00:42:06,10.5064,10.5164
1901,2023-05-09 00:42:07,10.50645,10.51645
1903,2023-05-09 00:42:08,10.50645,10.51645
1905,2023-05-09 00:42:09,10.50645,10.51645
1907,2023-05-09 00:42:10,10.506499999999999,10.5165
1908,2023-05-09 00:42:11,10.50645,10.51645
1910,2023-05-09 00:42:12,10.5059,10.5159
1911,2023-05-09 00:42:14,10.5058,10.5158
1912,2023-05-09 00:42:18,10.5056,10.5156
1913,2023-05-09 00:42:21,10.50575,10.51575
1915,2023-05-09 00:42:23,10.50585,10.51585
1917,2023-05-09 00:42:28,10.5059,10.5159
1918,2023-05-09 00:42:29,10.5058,10.5158
1919,2023-05-09 00:42:40,10.505700000000001,10.5157
1920,2023-05-09 00:42:41,10.50575,10.51575
1922,2023-05-09 00:42:43,10.50585,10.51585
1924,2023-05-09 00:42:56,10.50625,10.51625
1926,2023-05-09 00:43:00,10.5062,10.5162
1927,2023-05-09 00:43:01,10.50625,10.51625
1929,2023-05-09 00:43:02,10.50595,10.51595
1931,2023-05-09 00:43:10,10.5062,10.5162
1932,2023-05-09 00:43:11,10.5067,10.5167
1933,2023-05-09 00:43:12,10.5062,10.5162
1934,2023-05-09 00:43:28,10.5061,10.5161
1935,2023-05-09 00:43:34,10.50575,10.51575
1937,2023-05-09 00:43:50,10.5059,10.5159
1938,2023-05-09 00:43:51,10.505700000000001,10.5157
1939,2023-05-09 00:43:56,10.5058,10.5158
1941,2023-05-09 00:44:00,10.505700000000001,10.5157
1942,2023-05-09 00:44:09,10.5058,10.5158
1943,2023-05-09 00:44:19,10.5056,10.5156
1944,2023-05-09 00:44:21,10.5056,10.5156
1947,2023-05-09 00:44:24,10.5053,10.5153
1948,2023-05-09 00:44:25,10.5054,10.5154
1949,2023-05-09 00:44:26,10.50545,10.51545
1951,2023-05-09 00:44:29,10.5056,10.5156
1952,2023-05-09 00:44:30,10.50545,10.51545
1954,2023-05-09 00:44:31,10.5054,10.5154
1955,2023-05-09 00:44:32,10.5056,10.5156
1956,2023-05-09 00:44:33,10.5055,10.5155
1957,2023-05-09 00:44:46,10.50575,10.51575
1959,2023-05-09 00:44:47,10.50555,10.51555
1961,2023-05-09 00:44:49,10.5061,10.5161
1963,2023-05-09 00:44:52,10.5061,10.5161
1964,2023-05-09 00:44:53,10.5067,10.5167
1966,2023-05-09 00:44:54,10.5063,10.516300000000001
1968,2023-05-09 00:44:56,10.5064,10.5164
1969,2023-05-09 00:44:57,10.5063,10.5163
1970,2023-05-09 00:45:00,10.5063,10.5163
1971,2023-05-09 00:45:02,10.5062,10.5162
1972,2023-05-09 00:45:03,10.506499999999999,10.5165
1973,2023-05-09 00:45:06,10.5067,10.5167
1974,2023-05-09 00:45:11,10.5066,10.5166
1975,2023-05-09 00:45:12,10.5062,10.5162
1976,2023-05-09 00:45:21,10.5064,10.5164
1977,2023-05-09 00:45:22,10.5062,10.5162
1978,2023-05-09 00:45:26,10.5067,10.5167
1979,2023-05-09 00:45:27,10.5066,10.5166
1980,2023-05-09 00:45:33,10.5067,10.5167
1982,2023-05-09 00:45:45,10.50625,10.51625
1984,2023-05-09 00:45:48,10.50565,10.51565
1986,2023-05-09 00:45:53,10.50555,10.51555
1988,2023-05-09 00:45:55,10.505,10.515
1989,2023-05-09 00:46:01,10.505,10.515
1990,2023-05-09 00:46:02,10.5053,10.5153
1991,2023-05-09 00:46:08,10.505,10.515
1992,2023-05-09 00:46:09,10.5051,10.5151
1993,2023-05-09 00:46:11,10.5049,10.5149
1994,2023-05-09 00:46:12,10.5046,10.5146
1995,2023-05-09 00:46:20,10.5045,10.5145
1996,2023-05-09 00:46:24,10.5047,10.514700000000001
1998,2023-05-09 00:46:28,10.5049,10.5149
1999,2023-05-09 00:46:29,10.5045,10.5145
2000,2023-05-09 00:46:42,10.5047,10.5147
2001,2023-05-09 00:46:43,10.5045,10.5145
2002,2023-05-09 00:46:52,10.5047,10.5147
2003,2023-05-09 00:46:53,10.5045,10.5145
2004,2023-05-09 00:46:55,10.5046,10.5146
2005,2023-05-09 00:46:57,10.5045,10.5145
2006,2023-05-09 00:46:59,10.5047,10.5147
2007,2023-05-09 00:47:00,10.5045,10.5145
2008,2023-05-09 00:47:01,10.5047,10.514700000000001
2010,2023-05-09 00:47:02,10.5048,10.5148
2011,2023-05-09 00:47:03,10.5047,10.5147
2012,2023-05-09 00:47:06,10.50485,10.51485
2014,2023-05-09 00:47:10,10.50505,10.51505
2016,2023-05-09 00:47:11,10.5053,10.5153
2017,2023-05-09 00:47:12,10.5049,10.5149
2018,2023-05-09 00:47:17,10.5051,10.5151
2020,2023-05-09 00:47:18,10.5053,10.5153
2021,2023-05-09 00:47:19,10.504950000000001,10.51495
2023,2023-05-09 00:47:21,10.504999999999999,10.515
2025,2023-05-09 00:47:24,10.504950000000001,10.51495
2027,2023-05-09 00:47:30,10.5053,10.5153
2028,2023-05-09 00:47:31,10.50505,10.51505
2030,2023-05-09 00:47:38,10.5053,10.5153
2031,2023-05-09 00:47:39,10.504950000000001,10.51495
2033,2023-05-09 00:47:48,10.504999999999999,10.515
2035,2023-05-09 00:47:58,10.5047,10.5147
2036,2023-05-09 00:48:00,10.5047,10.5147
2037,2023-05-09 00:48:01,10.505,10.515
2038,2023-05-09 00:48:10,10.5051,10.5151
2039,2023-05-09 00:48:11,10.50485,10.51485
2041,2023-05-09 00:48:12,10.50435,10.51435
2043,2023-05-09 00:48:13,10.50455,10.51455
2045,2023-05-09 00:48:14,10.5044,10.5144
2048,2023-05-09 00:48:15,10.5047,10.5147
2050,2023-05-09 00:48:16,10.50445,10.51445
2054,2023-05-09 00:48:17,10.50385,10.51385
2056,2023-05-09 00:48:18,10.50385,10.51385
2058,2023-05-09 00:48:20,10.50375,10.51375
2060,2023-05-09 00:48:22,10.50385,10.51385
2062,2023-05-09 00:48:24,10.5036,10.5136
2063,2023-05-09 00:48:25,10.5034,10.5134
2066,2023-05-09 00:48:26,10.5033,10.5133
2067,2023-05-09 00:48:27,10.50315,10.51315
2069,2023-05-09 00:48:29,10.5031,10.5131
2072,2023-05-09 00:48:30,10.5029,10.5129
2073,2023-05-09 00:48:31,10.50295,10.51295
2077,2023-05-09 00:48:32,10.50305,10.51305
2081,2023-05-09 00:48:33,10.503,10.513
2084,2023-05-09 00:48:34,10.5028,10.5128
2085,2023-05-09 00:48:37,10.503,10.513
2086,2023-05-09 00:48:38,10.5028,10.5128
2087,2023-05-09 00:48:39,10.5026,10.512599999999999
2088,2023-05-09 00:48:42,10.503,10.513
2089,2023-05-09 00:48:43,10.50255,10.51255
2091,2023-05-09 00:48:44,10.50285,10.51285
2093,2023-05-09 00:48:45,10.503,10.513
2096,2023-05-09 00:48:46,10.5028,10.5128
2099,2023-05-09 00:48:47,10.50265,10.51265
2101,2023-05-09 00:48:51,10.5027,10.512699999999999
2103,2023-05-09 00:48:54,10.502749999999999,10.51275
2105,2023-05-09 00:49:00,10.5026,10.512599999999999
2106,2023-05-09 00:49:01,10.5027,10.5127
2107,2023-05-09 00:49:02,10.5025,10.5125
2110,2023-05-09 00:49:03,10.5024,10.5124
2111,2023-05-09 00:49:04,10.50245,10.51245
2113,2023-05-09 00:49:05,10.5024,10.5124
2114,2023-05-09 00:49:06,10.50225,10.51225
2118,2023-05-09 00:49:07,10.5027,10.5127
2119,2023-05-09 00:49:09,10.5025,10.5125
2120,2023-05-09 00:49:10,10.502600000000001,10.512599999999999
2122,2023-05-09 00:49:11,10.502600000000001,10.512599999999999
2124,2023-05-09 00:49:12,10.5027,10.5127
2125,2023-05-09 00:49:16,10.5028,10.5128
2126,2023-05-09 00:49:17,10.5031,10.5131
2127,2023-05-09 00:49:21,10.503,10.513
2128,2023-05-09 00:49:22,10.5028,10.5128
2129,2023-05-09 00:49:26,10.5029,10.5129
2130,2023-05-09 00:49:27,10.5027,10.5127
2131,2023-05-09 00:49:28,10.5025,10.5125
2132,2023-05-09 00:49:31,10.5027,10.512699999999999
2134,2023-05-09 00:49:32,10.5027,10.5127
2135,2023-05-09 00:49:33,10.50265,10.51265
2137,2023-05-09 00:49:34,10.5028,10.5128
2140,2023-05-09 00:49:35,10.5026,10.512599999999999
2141,2023-05-09 00:49:42,10.5025,10.5125
2142,2023-05-09 00:49:49,10.5023,10.5123
2145,2023-05-09 00:49:50,10.5023,10.5123
2146,2023-05-09 00:49:53,10.5025,10.5125
2147,2023-05-09 00:49:54,10.5023,10.5123
2148,2023-05-09 00:49:55,10.5024,10.5124
2150,2023-05-09 00:49:57,10.5024,10.5124
2151,2023-05-09 00:49:58,10.5023,10.5123
2154,2023-05-09 00:49:59,10.5022,10.5122
2157,2023-05-09 00:50:00,10.50245,10.51245
2159,2023-05-09 00:50:05,10.50285,10.51285
2161,2023-05-09 00:50:06,10.5031,10.5131
2164,2023-05-09 00:50:07,10.5032,10.5132
2165,2023-05-09 00:50:08,10.503,10.513
2166,2023-05-09 00:50:09,10.5028,10.5128
2169,2023-05-09 00:50:10,10.503,10.513
2170,2023-05-09 00:50:11,10.5028,10.5128
2171,2023-05-09 00:50:12,10.503,10.513
2172,2023-05-09 00:50:13,10.5028,10.5128
2173,2023-05-09 00:50:14,10.5029,10.5129
2175,2023-05-09 00:50:17,10.5027,10.5127
2178,2023-05-09 00:50:18,10.5029,10.5129
2179,2023-05-09 00:50:19,10.50275,10.51275
2183,2023-05-09 00:50:20,10.5027,10.5127
2186,2023-05-09 00:50:22,10.50275,10.51275
2188,2023-05-09 00:50:26,10.50275,10.51275
2190,2023-05-09 00:50:27,10.5028,10.5128
2194,2023-05-09 00:50:28,10.5029,10.5129
2195,2023-05-09 00:50:29,10.503,10.513
2198,2023-05-09 00:50:30,10.50285,10.51285
2200,2023-05-09 00:50:32,10.5028,10.5128
2203,2023-05-09 00:50:35,10.503,10.513
2204,2023-05-09 00:50:36,10.5029,10.5129
2207,2023-05-09 00:50:37,10.5028,10.5128
2208,2023-05-09 00:50:38,10.5029,10.5129
2210,2023-05-09 00:50:41,10.5025,10.5125
2211,2023-05-09 00:50:43,10.5026,10.512599999999999
2212,2023-05-09 00:50:45,10.5025,10.5125
2215,2023-05-09 00:50:46,10.5026,10.512599999999999
2218,2023-05-09 00:50:47,10.5025,10.5125
2219,2023-05-09 00:50:49,10.5026,10.512599999999999
2220,2023-05-09 00:50:50,10.5025,10.5125
2221,2023-05-09 00:50:51,10.502600000000001,10.512599999999999
2223,2023-05-09 00:50:52,10.50255,10.51255
2227,2023-05-09 00:50:53,10.5022,10.5122
2228,2023-05-09 00:50:54,10.50225,10.51225
2230,2023-05-09 00:50:55,10.5022,10.5122
2232,2023-05-09 00:50:56,10.5022,10.5122
2234,2023-05-09 00:50:57,10.5023,10.5123
2235,2023-05-09 00:50:58,10.5021,10.5121
2236,2023-05-09 00:50:59,10.5022,10.5122
2239,2023-05-09 00:51:00,10.5022,10.5122
2242,2023-05-09 00:51:01,10.502,10.512
2243,2023-05-09 00:51:02,10.5023,10.5123
2244,2023-05-09 00:51:05,10.502,10.512
2245,2023-05-09 00:51:06,10.50225,10.51225
2247,2023-05-09 00:51:12,10.50185,10.51185
2249,2023-05-09 00:51:13,10.5017,10.5117
2250,2023-05-09 00:51:14,10.50175,10.51175
2252,2023-05-09 00:51:15,10.5015,10.5115
2253,2023-05-09 00:51:18,10.5016,10.5116
2254,2023-05-09 00:51:19,10.5015,10.5115
2255,2023-05-09 00:51:20,10.5017,10.5117
2258,2023-05-09 00:51:21,10.5018,10.511800000000001
2260,2023-05-09 00:51:25,10.502,10.512
2261,2023-05-09 00:51:26,10.501850000000001,10.511849999999999
2263,2023-05-09 00:51:27,10.5017,10.5117
2266,2023-05-09 00:51:29,10.50185,10.51185
2268,2023-05-09 00:51:30,10.50195,10.51195
2270,2023-05-09 00:51:31,10.5017,10.5117
2271,2023-05-09 00:51:34,10.5018,10.511800000000001
2273,2023-05-09 00:51:36,10.5018,10.511800000000001
2274,2023-05-09 00:51:37,10.5017,10.5117
2275,2023-05-09 00:51:38,10.5017,10.511700000000001
2277,2023-05-09 00:51:39,10.50155,10.51155
2279,2023-05-09 00:51:40,10.5014,10.5114
2280,2023-05-09 00:51:41,10.5013,10.5113
2281,2023-05-09 00:51:42,10.5015,10.5115
2282,2023-05-09 00:51:43,10.5015,10.5115
2285,2023-05-09 00:51:45,10.50155,10.51155
2287,2023-05-09 00:51:46,10.5015,10.5115
2288,2023-05-09 00:51:48,10.50165,10.51165
2290,2023-05-09 00:51:49,10.5015,10.5115
2291,2023-05-09 00:51:53,10.5014,10.5114
2294,2023-05-09 00:51:56,10.5015,10.5115
2296,2023-05-09 00:51:58,10.5015,10.5115
2299,2023-05-09 00:51:59,10.5014,10.5114
2300,2023-05-09 00:52:00,10.5015,10.5115
2303,2023-05-09 00:52:02,10.5022,10.5122
2304,2023-05-09 00:52:09,10.50205,10.51205
2306,2023-05-09 00:52:10,10.5019,10.5119
2307,2023-05-09 00:52:12,10.501850000000001,10.511849999999999
2309,2023-05-09 00:52:13,10.5015,10.5115
2311,2023-05-09 00:52:19,10.5017,10.511700000000001
2313,2023-05-09 00:52:20,10.5018,10.511800000000001
2314,2023-05-09 00:52:21,10.5017,10.511700000000001
2316,2023-05-09 00:52:25,10.5019,10.5119
2319,2023-05-09 00:52:26,10.5018,10.511800000000001
2320,2023-05-09 00:52:28,10.5015,10.5115
2321,2023-05-09 00:52:29,10.5017,10.5117
2324,2023-05-09 00:52:30,10.5015,10.5115
2325,2023-05-09 00:52:31,10.5016,10.5116
2327,2023-05-09 00:52:32,10.5016,10.5116
2329,2023-05-09 00:52:33,10.5017,10.511700000000001
2331,2023-05-09 00:52:34,10.5017,10.5117
2334,2023-05-09 00:52:35,10.50165,10.51165
2336,2023-05-09 00:52:36,10.5017,10.511700000000001
2338,2023-05-09 00:52:37,10.5017,10.5117
2341,2023-05-09 00:52:39,10.5018,10.511800000000001
2343,2023-05-09 00:52:40,10.5019,10.5119
2344,2023-05-09 00:52:41,10.50195,10.51195
2346,2023-05-09 00:52:42,10.5019,10.5119
2347,2023-05-09 00:52:43,10.502,10.512
2350,2023-05-09 00:52:44,10.5018,10.511800000000001
2353,2023-05-09 00:52:45,10.5016,10.5116
2356,2023-05-09 00:52:48,10.5016,10.5116
2358,2023-05-09 00:52:49,10.50155,10.51155
2360,2023-05-09 00:52:50,10.50155,10.51155
2362,2023-05-09 00:52:51,10.5015,10.5115
2365,2023-05-09 00:52:53,10.5014,10.5114
2367,2023-05-09 00:52:54,10.5015,10.5115
2370,2023-05-09 00:52:55,10.5015,10.5115
2371,2023-05-09 00:52:56,10.5021,10.5121
2372,2023-05-09 00:52:57,10.5029,10.5129
2375,2023-05-09 00:52:58,10.5032,10.5132
2377,2023-05-09 00:53:00,10.5031,10.5131
2378,2023-05-09 00:53:01,10.5032,10.5132
2380,2023-05-09 00:53:02,10.5034,10.5134
2381,2023-05-09 00:53:03,10.5035,10.5135
2382,2023-05-09 00:53:06,10.5034,10.5134
2383,2023-05-09 00:53:08,10.5037,10.5137
2386,2023-05-09 00:53:10,10.5039,10.5139
2387,2023-05-09 00:53:12,10.5038,10.5138
2390,2023-05-09 00:53:13,10.5039,10.5139
2391,2023-05-09 00:53:15,10.504,10.514
2393,2023-05-09 00:53:16,10.5039,10.5139
2396,2023-05-09 00:53:17,10.5036,10.5136
2399,2023-05-09 00:53:18,10.5037,10.5137
2402,2023-05-09 00:53:19,10.5038,10.5138
2404,2023-05-09 00:53:20,10.50405,10.514050000000001
2406,2023-05-09 00:53:21,10.504,10.514
2407,2023-05-09 00:53:23,10.5039,10.5139
2410,2023-05-09 00:53:24,10.50405,10.514050000000001
2412,2023-05-09 00:53:25,10.504100000000001,10.5141
2414,2023-05-09 00:53:29,10.5042,10.514199999999999
2418,2023-05-09 00:53:30,10.5042,10.5142
2419,2023-05-09 00:53:33,10.5043,10.5143
2421,2023-05-09 00:53:34,10.50435,10.51435
2423,2023-05-09 00:53:35,10.5045,10.5145
2426,2023-05-09 00:53:40,10.5046,10.5146
2427,2023-05-09 00:53:42,10.5043,10.5143
2428,2023-05-09 00:53:43,10.5041,10.5141
2429,2023-05-09 00:53:45,10.5043,10.514299999999999
2431,2023-05-09 00:53:48,10.5044,10.5144
2432,2023-05-09 00:53:49,10.5041,10.5141
2433,2023-05-09 00:53:50,10.50445,10.51445
2435,2023-05-09 00:53:54,10.5047,10.5147
2436,2023-05-09 00:53:55,10.50455,10.51455
2438,2023-05-09 00:53:56,10.5044,10.5144
2439,2023-05-09 00:53:57,10.5046,10.5146
2441,2023-05-09 00:53:58,10.5045,10.5145
2445,2023-05-09 00:54:00,10.504999999999999,10.515
2447,2023-05-09 00:54:01,10.504999999999999,10.515
2449,2023-05-09 00:54:05,10.5049,10.5149
2450,2023-05-09 00:54:06,10.504999999999999,10.515
2452,2023-05-09 00:54:07,10.505,10.515
2455,2023-05-09 00:54:08,10.50505,10.51505
2457,2023-05-09 00:54:11,10.504999999999999,10.515
2459,2023-05-09 00:54:12,10.504950000000001,10.51495
2461,2023-05-09 00:54:14,10.505,10.515
2462,2023-05-09 00:54:15,10.5049,10.5149
2463,2023-05-09 00:54:17,10.5048,10.5148
2466,2023-05-09 00:54:18,10.505,10.515
2469,2023-05-09 00:54:19,10.5049,10.5149
2471,2023-05-09 00:54:20,10.5048,10.5148
2472,2023-05-09 00:54:23,10.5052,10.5152
2473,2023-05-09 00:54:24,10.5048,10.5148
2474,2023-05-09 00:54:26,10.5052,10.5152
2475,2023-05-09 00:54:27,10.5049,10.5149
2478,2023-05-09 00:54:28,10.505099999999999,10.5151
2480,2023-05-09 00:54:29,10.505,10.515
2481,2023-05-09 00:54:34,10.5054,10.5154
2482,2023-05-09 00:54:36,10.5055,10.5155
2483,2023-05-09 00:54:37,10.5054,10.5154
2484,2023-05-09 00:54:38,10.505700000000001,10.5157
2485,2023-05-09 00:54:39,10.5058,10.5158
2486,2023-05-09 00:54:41,10.506,10.516
2487,2023-05-09 00:54:42,10.5058,10.5158
2490,2023-05-09 00:54:43,10.5058,10.5158
2493,2023-05-09 00:54:44,10.5059,10.5159
2496,2023-05-09 00:54:45,10.506,10.516
2497,2023-05-09 00:54:47,10.505700000000001,10.5157
2500,2023-05-09 00:54:49,10.5061,10.5161
2502,2023-05-09 00:54:50,10.5064,10.5164
2504,2023-05-09 00:54:52,10.506499999999999,10.5165
2506,2023-05-09 00:54:53,10.506499999999999,10.5165
2507,2023-05-09 00:54:55,10.5067,10.5167
2508,2023-05-09 00:54:56,10.506499999999999,10.5165
2509,2023-05-09 00:54:57,10.506499999999999,10.5165
2511,2023-05-09 00:54:58,10.5064,10.5164
2514,2023-05-09 00:54:59,10.5067,10.5167
2515,2023-05-09 00:55:00,10.50675,10.51675
2517,2023-05-09 00:55:01,10.50675,10.51675
2521,2023-05-09 00:55:02,10.50665,10.51665
2525,2023-05-09 00:55:03,10.5062,10.5162
2526,2023-05-09 00:55:04,10.5064,10.5164
2527,2023-05-09 00:55:05,10.5062,10.5162
2530,2023-05-09 00:55:07,10.5062,10.5162
2533,2023-05-09 00:55:08,10.5063,10.5163
2534,2023-05-09 00:55:09,10.50615,10.51615
2536,2023-05-09 00:55:10,10.5058,10.5158
2537,2023-05-09 00:55:11,10.5059,10.5159
2540,2023-05-09 00:55:14,10.50595,10.51595
2542,2023-05-09 00:55:16,10.5059,10.5159
2545,2023-05-09 00:55:17,10.5059,10.5159
2547,2023-05-09 00:55:18,10.506,10.516
2548,2023-05-09 00:55:19,10.50585,10.51585
2550,2023-05-09 00:55:20,10.505700000000001,10.5157
2553,2023-05-09 00:55:22,10.5059,10.5159
2554,2023-05-09 00:55:23,10.5055,10.5155
2555,2023-05-09 00:55:31,10.5058,10.5158
2556,2023-05-09 00:55:32,10.5055,10.5155
2557,2023-05-09 00:55:33,10.505700000000001,10.5157
2558,2023-05-09 00:55:35,10.50565,10.51565
2560,2023-05-09 00:55:36,10.5056,10.5156
2563,2023-05-09 00:55:39,10.505700000000001,10.5157
2564,2023-05-09 00:55:41,10.506,10.516
2565,2023-05-09 00:55:44,10.5059,10.5159
2566,2023-05-09 00:55:47,10.5058,10.5158
2569,2023-05-09 00:55:49,10.5056,10.5156
2570,2023-05-09 00:55:52,10.5055,10.5155
2571,2023-05-09 00:55:55,10.5054,10.5154
2572,2023-05-09 00:55:57,10.5055,10.5155
2573,2023-05-09 00:56:00,10.5054,10.5154
2575,2023-05-09 00:56:03,10.505,10.515
2576,2023-05-09 00:56:05,10.5049,10.5149
2577,2023-05-09 00:56:07,10.5048,10.5148
2578,2023-05-09 00:56:11,10.5045,10.5145
2580,2023-05-09 00:56:12,10.5042,10.5142
2581,2023-05-09 00:56:15,10.5046,10.5146
2582,2023-05-09 00:56:16,10.5044,10.5144
2583,2023-05-09 00:56:23,10.5045,10.5145
2585,2023-05-09 00:56:24,10.5045,10.5145
2586,2023-05-09 00:56:26,10.5045,10.5145
2588,2023-05-09 00:56:27,10.5044,10.5144
2590,2023-05-09 00:56:33,10.5049,10.5149
2593,2023-05-09 00:56:35,10.5049,10.5149
2594,2023-05-09 00:56:36,10.5061,10.516100000000002
2596,2023-05-09 00:56:37,10.506499999999999,10.5165
2597,2023-05-09 00:56:39,10.5064,10.5164
2598,2023-05-09 00:56:42,10.5063,10.5163
2599,2023-05-09 00:56:43,10.50655,10.51655
2603,2023-05-09 00:56:44,10.508700000000001,10.518699999999999
2605,2023-05-09 00:57:00,10.5088,10.5188
2606,2023-05-09 00:57:03,10.5086,10.5186
2607,2023-05-09 00:57:06,10.5085,10.5185
2608,2023-05-09 00:57:07,10.5086,10.5186
2609,2023-05-09 00:57:12,10.5085,10.5185
2610,2023-05-09 00:57:20,10.5086,10.5186
2611,2023-05-09 00:57:29,10.5087,10.5187
2612,2023-05-09 00:57:30,10.5088,10.5188
2613,2023-05-09 00:57:34,10.5086,10.5186
2614,2023-05-09 00:57:35,10.5088,10.5188
2615,2023-05-09 00:57:38,10.5087,10.5187
2616,2023-05-09 00:57:41,10.5088,10.5188
2617,2023-05-09 00:57:47,10.50855,10.51855
2619,2023-05-09 00:57:48,10.50855,10.51855
2621,2023-05-09 00:57:50,10.5085,10.5185
2622,2023-05-09 00:57:52,10.5086,10.5186
2623,2023-05-09 00:57:57,10.50855,10.51855
2625,2023-05-09 00:58:00,10.5088,10.518799999999999
2627,2023-05-09 00:58:11,10.508700000000001,10.518699999999999
2629,2023-05-09 00:58:19,10.50865,10.518650000000001
2631,2023-05-09 00:58:21,10.5087,10.5187
2632,2023-05-09 00:58:22,10.5088,10.5188
2633,2023-05-09 00:58:32,10.5087,10.5187
2634,2023-05-09 00:58:42,10.5089,10.5189
2635,2023-05-09 00:58:49,10.5091,10.5191
2636,2023-05-09 00:58:50,10.509,10.519
2637,2023-05-09 00:58:52,10.5091,10.5191
2639,2023-05-09 00:59:00,10.509,10.519
2640,2023-05-09 00:59:06,10.5088,10.5188
2641,2023-05-09 00:59:09,10.5087,10.5187
2642,2023-05-09 00:59:13,10.5088,10.5188
2643,2023-05-09 00:59:20,10.51085,10.52085
2647,2023-05-09 00:59:21,10.5108,10.5208
2650,2023-05-09 00:59:22,10.51065,10.52065
2652,2023-05-09 00:59:24,10.5107,10.5207
2653,2023-05-09 00:59:25,10.51065,10.52065
2655,2023-05-09 00:59:26,10.5108,10.5208
2656,2023-05-09 00:59:27,10.5109,10.5209
2657,2023-05-09 00:59:29,10.5108,10.5208
2658,2023-05-09 00:59:30,10.5109,10.5209
2659,2023-05-09 00:59:33,10.5108,10.5208
2660,2023-05-09 00:59:34,10.5109,10.5209
2661,2023-05-09 00:59:37,10.5113,10.5213
2664,2023-05-09 00:59:38,10.51145,10.52145
2668,2023-05-09 00:59:40,10.51145,10.52145
2670,2023-05-09 00:59:42,10.5115,10.5215
2671,2023-05-09 00:59:44,10.5116,10.5216
2672,2023-05-09 00:59:45,10.5114,10.5214
2675,2023-05-09 00:59:46,10.5114,10.5214
2676,2023-05-09 00:59:47,10.5113,10.5213
2677,2023-05-09 00:59:50,10.5116,10.5216
2678,2023-05-09 00:59:51,10.5115,10.5215
2679,2023-05-09 00:59:52,10.5116,10.5216
2680,2023-05-09 00:59:53,10.5117,10.5217
2681,2023-05-09 00:59:57,10.5116,10.5216
2682,2023-05-09 00:59:59,10.51165,10.52165
2684,2023-05-09 01:00:00,10.5117,10.5217
2687,2023-05-09 01:00:01,10.5117,10.5217
2690,2023-05-09 01:00:02,10.5117,10.5217
2693,2023-05-09 01:00:03,10.5116,10.5216
2694,2023-05-09 01:00:05,10.511800000000001,10.5218
2695,2023-05-09 01:00:06,10.5119,10.5219
2696,2023-05-09 01:00:07,10.51175,10.52175
2698,2023-05-09 01:00:08,10.5119,10.5219
2699,2023-05-09 01:00:09,10.51185,10.52185
2701,2023-05-09 01:00:11,10.5121,10.5221
2702,2023-05-09 01:00:12,10.5119,10.5219
2703,2023-05-09 01:00:17,10.51185,10.52185
2705,2023-05-09 01:00:18,10.51175,10.52175
2707,2023-05-09 01:00:19,10.5119,10.5219
2708,2023-05-09 01:00:20,10.5124,10.522400000000001
2710,2023-05-09 01:00:21,10.51235,10.52235
2712,2023-05-09 01:00:22,10.51245,10.52245
2714,2023-05-09 01:00:23,10.51245,10.52245
2716,2023-05-09 01:00:24,10.5123,10.5223
2717,2023-05-09 01:00:25,10.5125,10.5225
2720,2023-05-09 01:00:26,10.5125,10.5225
2721,2023-05-09 01:00:27,10.512599999999999,10.5226
2722,2023-05-09 01:00:28,10.5127,10.5227
2723,2023-05-09 01:00:29,10.512599999999999,10.5226
2724,2023-05-09 01:00:31,10.51285,10.52285
2726,2023-05-09 01:00:32,10.5129,10.5229
2727,2023-05-09 01:00:36,10.5128,10.5228
2728,2023-05-09 01:00:37,10.5127,10.5227
2729,2023-05-09 01:00:38,10.512599999999999,10.5226
2730,2023-05-09 01:00:40,10.5127,10.5227
2731,2023-05-09 01:00:46,10.512599999999999,10.5226
2732,2023-05-09 01:00:48,10.5127,10.5227
2733,2023-05-09 01:00:49,10.512599999999999,10.5226
2734,2023-05-09 01:00:50,10.51265,10.52265
2736,2023-05-09 01:00:51,10.51265,10.52265
2738,2023-05-09 01:00:52,10.5127,10.5227
2739,2023-05-09 01:00:53,10.51275,10.52275
2743,2023-05-09 01:00:54,10.51285,10.52285
2745,2023-05-09 01:00:55,10.5129,10.5229
2747,2023-05-09 01:00:56,10.51285,10.52285
2749,2023-05-09 01:00:57,10.5127,10.5227
2750,2023-05-09 01:00:58,10.5128,10.5228
2753,2023-05-09 01:00:59,10.5128,10.5228
2754,2023-05-09 01:01:00,10.51265,10.52265
2756,2023-05-09 01:01:01,10.5127,10.5227
2757,2023-05-09 01:01:02,10.5129,10.5229
2758,2023-05-09 01:01:03,10.5128,10.5228
2759,2023-05-09 01:01:04,10.5134,10.5234
2762,2023-05-09 01:01:05,10.5133,10.5233
2763,2023-05-09 01:01:06,10.5131,10.5231
2764,2023-05-09 01:01:07,10.513,10.523
2765,2023-05-09 01:01:10,10.51305,10.52305
2767,2023-05-09 01:01:11,10.51265,10.52265
2769,2023-05-09 01:01:12,10.513,10.523
2770,2023-05-09 01:01:13,10.513100000000001,10.5231
2772,2023-05-09 01:01:14,10.5131,10.5231
2773,2023-05-09 01:01:15,10.51315,10.523150000000001
2777,2023-05-09 01:01:16,10.51325,10.52325
2781,2023-05-09 01:01:17,10.5132,10.5232
2785,2023-05-09 01:01:18,10.5132,10.5232
2788,2023-05-09 01:01:19,10.5134,10.5234
2790,2023-05-09 01:01:20,10.5139,10.5239
2791,2023-05-09 01:01:21,10.5138,10.5238
2794,2023-05-09 01:01:22,10.514,10.524000000000001
2797,2023-05-09 01:01:23,10.514,10.524000000000001
2799,2023-05-09 01:01:24,10.51385,10.52385
2801,2023-05-09 01:01:26,10.5136,10.5236
2802,2023-05-09 01:01:27,10.514,10.524000000000001
2803,2023-05-09 01:01:28,10.51375,10.52375
2805,2023-05-09 01:01:29,10.5138,10.5238
2808,2023-05-09 01:01:30,10.5135,10.5235
2811,2023-05-09 01:01:31,10.5135,10.5235
2814,2023-05-09 01:01:32,10.5134,10.5234
2816,2023-05-09 01:01:35,10.5132,10.5232
2819,2023-05-09 01:01:36,10.5135,10.5235
2822,2023-05-09 01:01:37,10.5134,10.5234
2826,2023-05-09 01:01:38,10.5132,10.5232
2827,2023-05-09 01:01:39,10.5135,10.5235
2830,2023-05-09 01:01:42,10.5134,10.5234
2831,2023-05-09 01:01:43,10.5132,10.5232
2834,2023-05-09 01:01:44,10.5133,10.5233
2835,2023-05-09 01:01:45,10.5134,10.5234
2836,2023-05-09 01:01:46,10.5132,10.5232
2839,2023-05-09 01:01:47,10.5131,10.5231
2840,2023-05-09 01:01:48,10.5129,10.5229
2843,2023-05-09 01:01:49,10.51295,10.52295
2847,2023-05-09 01:01:50,10.5128,10.5228
2849,2023-05-09 01:01:51,10.51275,10.52275
2851,2023-05-09 01:01:52,10.5129,10.5229
2853,2023-05-09 01:01:53,10.51255,10.52255
2855,2023-05-09 01:01:55,10.5124,10.5224
2856,2023-05-09 01:01:56,10.5125,10.5225
2859,2023-05-09 01:01:57,10.512599999999999,10.5226
2863,2023-05-09 01:01:58,10.5127,10.5227
2864,2023-05-09 01:01:59,10.5124,10.5224
2867,2023-05-09 01:02:00,10.51245,10.52245
2869,2023-05-09 01:02:01,10.5122,10.5222
2870,2023-05-09 01:02:02,10.51235,10.52235
2872,2023-05-09 01:02:03,10.5127,10.5227
2873,2023-05-09 01:02:09,10.512599999999999,10.5226
2876,2023-05-09 01:02:12,10.512599999999999,10.5226
2877,2023-05-09 01:02:22,10.5125,10.5225
2878,2023-05-09 01:02:23,10.512599999999999,10.5226
2879,2023-05-09 01:02:24,10.5147,10.5247
2883,2023-05-09 01:02:25,10.51515,10.52515
2887,2023-05-09 01:02:26,10.51515,10.52515
2889,2023-05-09 01:02:27,10.5152,10.5252
2890,2023-05-09 01:02:30,10.5146,10.5246
2894,2023-05-09 01:02:31,10.5135,10.5235
2897,2023-05-09 01:02:32,10.5136,10.5236
2898,2023-05-09 01:02:35,10.5135,10.5235
2899,2023-05-09 01:02:41,10.5136,10.5236
2900,2023-05-09 01:03:00,10.51355,10.52355
2902,2023-05-09 01:03:02,10.5136,10.5236
2903,2023-05-09 01:03:06,10.5135,10.5235
2904,2023-05-09 01:03:09,10.5134,10.5234
2905,2023-05-09 01:03:12,10.5135,10.5235
2906,2023-05-09 01:03:15,10.51345,10.52345
2908,2023-05-09 01:03:17,10.513300000000001,10.523299999999999
2910,2023-05-09 01:03:18,10.51325,10.52325
2912,2023-05-09 01:03:19,10.5128,10.5228
2915,2023-05-09 01:03:20,10.512599999999999,10.5226
2916,2023-05-09 01:03:21,10.5128,10.5228
2918,2023-05-09 01:03:26,10.5125,10.5225
2920,2023-05-09 01:03:29,10.5123,10.5223
2921,2023-05-09 01:03:37,10.5122,10.5222
2922,2023-05-09 01:03:40,10.51215,10.52215
2924,2023-05-09 01:03:47,10.5123,10.5223
2925,2023-05-09 01:03:51,10.51225,10.52225
2927,2023-05-09 01:03:52,10.51225,10.52225
2929,2023-05-09 01:03:53,10.5125,10.5225
2930,2023-05-09 01:03:54,10.5124,10.5224
2931,2023-05-09 01:03:56,10.51235,10.52235
2933,2023-05-09 01:04:00,10.51225,10.52225
2935,2023-05-09 01:04:01,10.51225,10.52225
2937,2023-05-09 01:04:02,10.51215,10.52215
2939,2023-05-09 01:04:03,10.5124,10.5224
2940,2023-05-09 01:04:04,10.51225,10.52225
2942,2023-05-09 01:04:05,10.51225,10.52225
2944,2023-05-09 01:04:06,10.51225,10.52225
2946,2023-05-09 01:04:07,10.5122,10.5222
2947,2023-05-09 01:04:08,10.51225,10.52225
2949,2023-05-09 01:04:09,10.5122,10.5222
2951,2023-05-09 01:04:13,10.512,10.522
2952,2023-05-09 01:04:16,10.5122,10.5222
2953,2023-05-09 01:04:17,10.5121,10.5221
2954,2023-05-09 01:04:18,10.5122,10.5222
2955,2023-05-09 01:04:22,10.5123,10.5223
2956,2023-05-09 01:04:23,10.5122,10.5222
2957,2023-05-09 01:04:29,10.5123,10.5223
2958,2023-05-09 01:04:38,10.5122,10.5222
2959,2023-05-09 01:04:39,10.512,10.522
2960,2023-05-09 01:04:40,10.51195,10.52195
2962,2023-05-09 01:04:41,10.5119,10.5219
2963,2023-05-09 01:04:46,10.511800000000001,10.5218
2964,2023-05-09 01:04:49,10.5119,10.5219
2965,2023-05-09 01:04:50,10.511800000000001,10.5218
2968,2023-05-09 01:04:58,10.5117,10.5217
2969,2023-05-09 01:04:59,10.5119,10.5219
2970,2023-05-09 01:05:00,10.5119,10.5219
2971,2023-05-09 01:05:04,10.511800000000001,10.5218
2972,2023-05-09 01:05:06,10.5119,10.5219
2973,2023-05-09 01:05:07,10.512,10.522
2974,2023-05-09 01:05:08,10.5121,10.5221
2976,2023-05-09 01:05:15,10.5121,10.5221
2978,2023-05-09 01:05:16,10.51215,10.52215
2980,2023-05-09 01:05:17,10.512,10.522
2981,2023-05-09 01:05:19,10.51195,10.52195
2983,2023-05-09 01:05:24,10.5121,10.5221
2984,2023-05-09 01:05:36,10.512,10.522
2985,2023-05-09 01:05:38,10.5119,10.5219
2986,2023-05-09 01:05:39,10.51205,10.52205
2988,2023-05-09 01:05:44,10.5119,10.5219
2989,2023-05-09 01:05:47,10.512,10.522
2990,2023-05-09 01:05:49,10.51195,10.52195
2992,2023-05-09 01:05:50,10.5119,10.5219
2993,2023-05-09 01:05:58,10.51195,10.52195
2995,2023-05-09 01:05:59,10.512,10.522
2996,2023-05-09 01:06:00,10.512,10.522
2997,2023-05-09 01:06:01,10.51195,10.52195
2999,2023-05-09 01:06:03,10.5123,10.5223
3000,2023-05-09 01:06:07,10.5125,10.5225
3001,2023-05-09 01:06:20,10.512599999999999,10.5226
3002,2023-05-09 01:06:24,10.5127,10.5227
3003,2023-05-09 01:06:28,10.51255,10.52255
3005,2023-05-09 01:06:29,10.5125,10.5225
3006,2023-05-09 01:06:33,10.51215,10.52215
3008,2023-05-09 01:06:37,10.5123,10.5223
3009,2023-05-09 01:06:38,10.51215,10.52215
3011,2023-05-09 01:07:00,10.5123,10.5223
3012,2023-05-09 01:07:02,10.5123,10.5223
3014,2023-05-09 01:07:03,10.5123,10.5223
3015,2023-05-09 01:07:06,10.5124,10.5224
3016,2023-05-09 01:07:17,10.5125,10.5225
3019,2023-05-09 01:07:19,10.512599999999999,10.5226
3020,2023-05-09 01:07:20,10.5124,10.5224
3021,2023-05-09 01:07:24,10.5122,10.5222
3022,2023-05-09 01:07:25,10.5121,10.5221
3023,2023-05-09 01:07:33,10.5122,10.5222
3024,2023-05-09 01:07:37,10.5121,10.5221
3025,2023-05-09 01:08:00,10.5121,10.5221
3026,2023-05-09 01:08:02,10.512,10.522
3027,2023-05-09 01:08:04,10.51205,10.52205
3029,2023-05-09 01:08:05,10.5121,10.5221
3030,2023-05-09 01:08:06,10.512,10.522
3031,2023-05-09 01:08:07,10.5121,10.5221
3032,2023-05-09 01:08:23,10.512,10.522
3033,2023-05-09 01:08:26,10.51205,10.52205
3035,2023-05-09 01:08:28,10.5119,10.5219
3036,2023-05-09 01:08:30,10.51155,10.52155
3038,2023-05-09 01:08:31,10.5116,10.5216
3039,2023-05-09 01:08:42,10.5114,10.5214
3041,2023-05-09 01:08:43,10.51165,10.52165
3043,2023-05-09 01:08:51,10.5116,10.5216
3044,2023-05-09 01:08:52,10.5117,10.5217
3045,2023-05-09 01:08:58,10.511800000000001,10.5218
3046,2023-05-09 01:09:00,10.511800000000001,10.5218
3047,2023-05-09 01:09:06,10.5117,10.5217
3048,2023-05-09 01:09:10,10.51125,10.52125
3050,2023-05-09 01:09:16,10.5113,10.5213
3051,2023-05-09 01:09:17,10.5112,10.5212
3052,2023-05-09 01:09:19,10.51125,10.52125
3054,2023-05-09 01:09:23,10.51115,10.52115
3056,2023-05-09 01:09:24,10.5111,10.5211
3057,2023-05-09 01:09:25,10.5113,10.5213
3060,2023-05-09 01:09:26,10.5114,10.5214
3061,2023-05-09 01:09:27,10.51135,10.52135
3063,2023-05-09 01:09:35,10.5113,10.5213
3064,2023-05-09 01:09:36,10.51145,10.52145
3066,2023-05-09 01:09:39,10.5114,10.5214
3067,2023-05-09 01:09:40,10.5115,10.5215
3068,2023-05-09 01:09:47,10.5116,10.5216
3069,2023-05-09 01:09:50,10.51155,10.52155
3071,2023-05-09 01:09:52,10.5115,10.5215
3072,2023-05-09 01:09:57,10.5114,10.5214
3073,2023-05-09 01:09:58,10.5109,10.5209
3074,2023-05-09 01:10:00,10.5109,10.5209
3075,2023-05-09 01:10:02,10.51065,10.52065
3077,2023-05-09 01:10:11,10.5104,10.5204
3078,2023-05-09 01:10:20,10.5106,10.5206
3079,2023-05-09 01:10:22,10.5108,10.5208
3080,2023-05-09 01:10:23,10.5109,10.5209
3081,2023-05-09 01:10:24,10.5108,10.5208
3082,2023-05-09 01:10:27,10.5107,10.5207
3083,2023-05-09 01:10:29,10.5106,10.5206
3084,2023-05-09 01:10:34,10.5109,10.5209
3085,2023-05-09 01:10:36,10.5108,10.5208
3086,2023-05-09 01:10:40,10.511,10.521
3087,2023-05-09 01:10:42,10.51095,10.52095
3089,2023-05-09 01:10:43,10.5109,10.5209
3090,2023-05-09 01:10:52,10.51085,10.52085
3092,2023-05-09 01:10:53,10.5106,10.5206
3093,2023-05-09 01:10:54,10.5107,10.5207
3094,2023-05-09 01:10:55,10.5106,10.5206
3095,2023-05-09 01:10:56,10.5104,10.5204
3098,2023-05-09 01:10:57,10.5105,10.5205
3099,2023-05-09 01:10:58,10.5104,10.5204
3100,2023-05-09 01:10:59,10.5105,10.5205
3101,2023-05-09 01:11:00,10.5105,10.5205
3102,2023-05-09 01:11:01,10.5104,10.5204
3103,2023-05-09 01:11:02,10.5105,10.5205
3104,2023-05-09 01:11:03,10.51055,10.52055
3106,2023-05-09 01:11:04,10.51055,10.52055
3108,2023-05-09 01:11:06,10.5104,10.5204
3109,2023-05-09 01:11:08,10.51015,10.52015
3111,2023-05-09 01:11:11,10.5102,10.520199999999999
3112,2023-05-09 01:11:13,10.5101,10.5201
3113,2023-05-09 01:11:15,10.5102,10.520199999999999
3114,2023-05-09 01:11:17,10.5101,10.5201
3115,2023-05-09 01:11:21,10.5099,10.5199
3116,2023-05-09 01:11:24,10.5098,10.5198
3117,2023-05-09 01:11:26,10.50985,10.51985
3119,2023-05-09 01:11:29,10.5098,10.5198
3121,2023-05-09 01:11:30,10.51,10.52
3122,2023-05-09 01:11:32,10.5099,10.5199
3123,2023-05-09 01:11:33,10.51005,10.52005
3125,2023-05-09 01:11:34,10.50995,10.51995
3129,2023-05-09 01:11:35,10.50995,10.51995
3133,2023-05-09 01:11:36,10.5099,10.5199
3134,2023-05-09 01:11:38,10.5099,10.5199
3136,2023-05-09 01:11:43,10.5101,10.5201
3137,2023-05-09 01:11:44,10.5102,10.520199999999999
3138,2023-05-09 01:11:46,10.51015,10.52015
3140,2023-05-09 01:11:50,10.5101,10.5201
3141,2023-05-09 01:11:53,10.51,10.52
3142,2023-05-09 01:11:56,10.51015,10.52015
3144,2023-05-09 01:12:00,10.5101,10.5201
3145,2023-05-09 01:12:01,10.5102,10.520199999999999
3146,2023-05-09 01:12:02,10.51015,10.52015
3148,2023-05-09 01:12:06,10.5101,10.5201
3150,2023-05-09 01:12:07,10.51,10.52
3153,2023-05-09 01:12:08,10.5098,10.5198
3154,2023-05-09 01:12:10,10.51,10.52
3155,2023-05-09 01:12:11,10.51065,10.52065
3157,2023-05-09 01:12:14,10.5107,10.5207
3160,2023-05-09 01:12:15,10.5106,10.5206
3164,2023-05-09 01:12:16,10.5106,10.5206
3167,2023-05-09 01:12:18,10.511,10.521
3168,2023-05-09 01:12:21,10.511,10.521
3171,2023-05-09 01:12:22,10.5106,10.5206
3173,2023-05-09 01:12:23,10.5105,10.5205
3174,2023-05-09 01:12:25,10.5106,10.5206
3175,2023-05-09 01:12:27,10.51045,10.52045
3177,2023-05-09 01:12:28,10.5105,10.5205
3178,2023-05-09 01:12:29,10.51045,10.52045
3180,2023-05-09 01:12:31,10.5105,10.5205
3183,2023-05-09 01:12:33,10.5105,10.5205
3184,2023-05-09 01:12:34,10.51055,10.52055
3186,2023-05-09 01:12:38,10.5106,10.5206
3187,2023-05-09 01:12:39,10.51055,10.52055
3189,2023-05-09 01:12:40,10.51055,10.52055
3193,2023-05-09 01:12:41,10.5107,10.5207
3194,2023-05-09 01:12:43,10.5105,10.5205
3195,2023-05-09 01:12:44,10.5105,10.5205
3198,2023-05-09 01:12:46,10.5106,10.5206
3199,2023-05-09 01:12:47,10.5107,10.5207
3200,2023-05-09 01:12:48,10.5106,10.5206
3201,2023-05-09 01:12:49,10.5107,10.5207
3202,2023-05-09 01:12:51,10.51065,10.52065
3204,2023-05-09 01:12:52,10.5107,10.5207
3207,2023-05-09 01:12:53,10.5107,10.5207
3210,2023-05-09 01:12:54,10.5106,10.5206
3211,2023-05-09 01:12:55,10.5107,10.5207
3214,2023-05-09 01:12:56,10.5107,10.5207
3216,2023-05-09 01:13:00,10.5106,10.5206
3217,2023-05-09 01:13:03,10.5104,10.5204
3218,2023-05-09 01:13:06,10.5103,10.5203
3219,2023-05-09 01:13:07,10.5104,10.5204
3220,2023-05-09 01:13:08,10.5105,10.5205
3221,2023-05-09 01:13:09,10.5104,10.5204
3222,2023-05-09 01:13:14,10.5103,10.5203
3223,2023-05-09 01:13:15,10.50975,10.51975
3225,2023-05-09 01:13:21,10.5096,10.5196
3226,2023-05-09 01:13:22,10.5098,10.5198
3227,2023-05-09 01:13:24,10.5097,10.5197
3228,2023-05-09 01:13:25,10.5103,10.5203
3229,2023-05-09 01:13:28,10.5104,10.5204
3230,2023-05-09 01:13:32,10.5101,10.5201
3231,2023-05-09 01:13:33,10.51025,10.52025
3233,2023-05-09 01:14:00,10.5102,10.520199999999999
3234,2023-05-09 01:14:05,10.5092,10.5192
3235,2023-05-09 01:14:06,10.5091,10.5191
3236,2023-05-09 01:14:07,10.50905,10.51905
3238,2023-05-09 01:14:08,10.509,10.519
3239,2023-05-09 01:14:09,10.5089,10.5189
3240,2023-05-09 01:14:13,10.5085,10.5185
3243,2023-05-09 01:14:14,10.5086,10.5186
3244,2023-05-09 01:14:16,10.50825,10.51825
3246,2023-05-09 01:14:18,10.5083,10.5183
3247,2023-05-09 01:14:19,10.5084,10.5184
3248,2023-05-09 01:14:20,10.5091,10.5191
3249,2023-05-09 01:14:21,10.5087,10.5187
3250,2023-05-09 01:14:22,10.5089,10.5189
3253,2023-05-09 01:14:23,10.50935,10.51935
3255,2023-05-09 01:14:24,10.5094,10.5194
3258,2023-05-09 01:14:25,10.5096,10.5196
3259,2023-05-09 01:14:27,10.50955,10.519549999999999
3261,2023-05-09 01:14:29,10.5094,10.5194
3262,2023-05-09 01:14:30,10.50975,10.51975
3264,2023-05-09 01:14:31,10.509599999999999,10.5196
3266,2023-05-09 01:14:32,10.5095,10.5195
3269,2023-05-09 01:14:34,10.50945,10.519449999999999
3271,2023-05-09 01:14:35,10.5093,10.5193
3272,2023-05-09 01:14:36,10.5092,10.5192
3273,2023-05-09 01:14:37,10.50945,10.519449999999999
3275,2023-05-09 01:14:38,10.5092,10.5192
3278,2023-05-09 01:14:39,10.5097,10.5197
3279,2023-05-09 01:14:40,10.5096,10.5196
3280,2023-05-09 01:14:41,10.5098,10.5198
3281,2023-05-09 01:14:44,10.5094,10.519400000000001
3283,2023-05-09 01:14:45,10.5093,10.5193
3286,2023-05-09 01:14:48,10.5089,10.5189
3287,2023-05-09 01:14:49,10.5089,10.5189
3289,2023-05-09 01:14:50,10.50895,10.51895
3293,2023-05-09 01:14:52,10.5088,10.5188
3295,2023-05-09 01:14:54,10.5087,10.5187
3296,2023-05-09 01:14:55,10.50915,10.51915
3298,2023-05-09 01:14:56,10.5093,10.5193
3301,2023-05-09 01:14:59,10.5091,10.5191
3302,2023-05-09 01:15:00,10.5091,10.5191
3305,2023-05-09 01:15:01,10.50935,10.51935
3307,2023-05-09 01:15:02,10.5094,10.5194
3308,2023-05-09 01:15:04,10.50915,10.51915
3310,2023-05-09 01:15:05,10.5089,10.5189
3311,2023-05-09 01:15:07,10.509,10.519
3314,2023-05-09 01:15:10,10.5089,10.5189
3315,2023-05-09 01:15:11,10.5088,10.5188
3317,2023-05-09 01:15:12,10.5087,10.5187
3318,2023-05-09 01:15:13,10.5089,10.5189
3319,2023-05-09 01:15:15,10.5088,10.5188
3320,2023-05-09 01:15:21,10.5089,10.5189
3321,2023-05-09 01:15:22,10.50885,10.51885
3323,2023-05-09 01:15:27,10.50885,10.51885
3325,2023-05-09 01:15:31,10.50895,10.51895
3327,2023-05-09 01:15:32,10.5088,10.5188
3328,2023-05-09 01:15:33,10.5089,10.5189
3329,2023-05-09 01:15:41,10.5094,10.5194
3330,2023-05-09 01:15:42,10.5095,10.5195
3331,2023-05-09 01:15:43,10.5095,10.5195
3333,2023-05-09 01:15:47,10.5093,10.5193
3334,2023-05-09 01:15:51,10.5091,10.5191
3335,2023-05-09 01:15:52,10.5092,10.5192
3336,2023-05-09 01:15:56,10.5093,10.5193
3337,2023-05-09 01:15:57,10.50935,10.51935
3339,2023-05-09 01:15:58,10.50955,10.51955
3341,2023-05-09 01:16:00,10.5095,10.5195
3342,2023-05-09 01:16:03,10.509699999999999,10.5197
3344,2023-05-09 01:16:05,10.50935,10.51935
3346,2023-05-09 01:16:07,10.509,10.519
3347,2023-05-09 01:16:08,10.50905,10.51905
3349,2023-05-09 01:16:13,10.509,10.519
3352,2023-05-09 01:16:14,10.5088,10.5188
3353,2023-05-09 01:16:15,10.509,10.519
3356,2023-05-09 01:16:16,10.50855,10.518550000000001
3360,2023-05-09 01:16:17,10.5078,10.5178
3363,2023-05-09 01:16:18,10.5076,10.5176
3366,2023-05-09 01:16:19,10.5077,10.5177
3367,2023-05-09 01:16:20,10.50755,10.51755
3371,2023-05-09 01:16:21,10.5077,10.5177
3374,2023-05-09 01:16:22,10.5078,10.5178
3378,2023-05-09 01:16:23,10.5077,10.5177
3381,2023-05-09 01:16:26,10.50785,10.51785
3383,2023-05-09 01:16:27,10.5076,10.5176
3385,2023-05-09 01:16:28,10.508,10.518
3386,2023-05-09 01:16:29,10.50805,10.51805
3388,2023-05-09 01:16:30,10.5077,10.5177
3390,2023-05-09 01:16:31,10.5077,10.5177
3393,2023-05-09 01:16:32,10.50765,10.51765
3395,2023-05-09 01:16:33,10.507249999999999,10.51725
3399,2023-05-09 01:16:34,10.50695,10.51695
3401,2023-05-09 01:16:35,10.507,10.517
3403,2023-05-09 01:16:38,10.5069,10.5169
3404,2023-05-09 01:16:39,10.5071,10.5171
3407,2023-05-09 01:16:40,10.5071,10.5171
3410,2023-05-09 01:16:41,10.5069,10.5169
3411,2023-05-09 01:16:42,10.507,10.517
3414,2023-05-09 01:16:43,10.5072,10.5172
3415,2023-05-09 01:16:44,10.507,10.517
3418,2023-05-09 01:16:46,10.50705,10.51705
3420,2023-05-09 01:16:47,10.5071,10.5171
3423,2023-05-09 01:16:48,10.50705,10.51705
3425,2023-05-09 01:16:49,10.507,10.517
3426,2023-05-09 01:16:50,10.5071,10.5171
3427,2023-05-09 01:16:51,10.5068,10.5168
3429,2023-05-09 01:16:54,10.5068,10.5168
3430,2023-05-09 01:16:55,10.50685,10.51685
3432,2023-05-09 01:16:56,10.5069,10.5169
3433,2023-05-09 01:16:57,10.50705,10.51705
3435,2023-05-09 01:17:00,10.50705,10.51705
3437,2023-05-09 01:17:01,10.50695,10.51695
3439,2023-05-09 01:17:03,10.507,10.517
3440,2023-05-09 01:17:04,10.50695,10.51695
3442,2023-05-09 01:17:10,10.5069,10.5169
3443,2023-05-09 01:17:11,10.507,10.517
3444,2023-05-09 01:17:14,10.5071,10.5171
3445,2023-05-09 01:17:28,10.507,10.517
3447,2023-05-09 01:17:30,10.50705,10.51705
3449,2023-05-09 01:17:43,10.5068,10.5168
3452,2023-05-09 01:17:44,10.50695,10.51695
3454,2023-05-09 01:17:46,10.507,10.517
3455,2023-05-09 01:17:47,10.5066,10.5166
3456,2023-05-09 01:17:48,10.50655,10.51655
3458,2023-05-09 01:17:51,10.506499999999999,10.5165
3459,2023-05-09 01:17:53,10.50695,10.51695
3461,2023-05-09 01:17:57,10.5067,10.5167
3462,2023-05-09 01:17:58,10.5067,10.5167
3464,2023-05-09 01:17:59,10.5068,10.5168
3465,2023-05-09 01:18:00,10.5068,10.5168
3466,2023-05-09 01:18:01,10.5069,10.5169
3467,2023-05-09 01:18:02,10.5068,10.5168
3468,2023-05-09 01:18:03,10.5067,10.5167
3470,2023-05-09 01:18:05,10.5069,10.5169
3471,2023-05-09 01:18:09,10.5075,10.5175
3472,2023-05-09 01:18:10,10.5076,10.5176
3473,2023-05-09 01:18:11,10.5077,10.5177
3474,2023-05-09 01:18:12,10.50775,10.51775
3476,2023-05-09 01:18:26,10.5075,10.5175
3477,2023-05-09 01:18:39,10.5077,10.5177
3478,2023-05-09 01:19:00,10.5077,10.5177
3479,2023-05-09 01:19:06,10.5078,10.5178
3480,2023-05-09 01:19:10,10.5077,10.5177
3481,2023-05-09 01:19:19,10.5078,10.5178
3482,2023-05-09 01:19:30,10.5077,10.5177
3483,2023-05-09 01:19:47,10.5078,10.5178
3484,2023-05-09 01:19:48,10.50805,10.51805
3486,2023-05-09 01:19:49,10.509,10.519
3489,2023-05-09 01:19:52,10.5089,10.5189
3490,2023-05-09 01:20:00,10.5091,10.5191
3492,2023-05-09 01:20:03,10.50975,10.51975
3494,2023-05-09 01:20:13,10.50975,10.51975
3496,2023-05-09 01:20:17,10.50935,10.51935
3498,2023-05-09 01:20:20,10.5098,10.5198
3501,2023-05-09 01:20:22,10.51,10.52
3502,2023-05-09 01:20:25,10.5101,10.5201
3503,2023-05-09 01:20:30,10.5103,10.5203
3504,2023-05-09 01:20:33,10.5107,10.5207
3505,2023-05-09 01:20:34,10.5109,10.5209
3506,2023-05-09 01:20:35,10.511,10.521
3507,2023-05-09 01:20:36,10.5111,10.5211
3508,2023-05-09 01:20:37,10.511,10.521
3509,2023-05-09 01:20:40,10.51095,10.52095
3511,2023-05-09 01:20:44,10.5108,10.5208
3512,2023-05-09 01:20:56,10.51055,10.52055
3514,2023-05-09 01:21:00,10.5104,10.520399999999999
3516,2023-05-09 01:21:08,10.5103,10.5203
3517,2023-05-09 01:21:10,10.51035,10.52035
3519,2023-05-09 01:21:11,10.5104,10.5204
3520,2023-05-09 01:21:13,10.5105,10.5205
3521,2023-05-09 01:21:15,10.51065,10.52065
3523,2023-05-09 01:21:18,10.5107,10.5207
3524,2023-05-09 01:21:19,10.5105,10.5205
3525,2023-05-09 01:21:24,10.5103,10.5203
3526,2023-05-09 01:21:25,10.5102,10.520199999999999
3527,2023-05-09 01:21:26,10.5101,10.5201
3528,2023-05-09 01:21:27,10.5103,10.5203
3529,2023-05-09 01:21:30,10.5102,10.520199999999999
3530,2023-05-09 01:21:34,10.50995,10.51995
3532,2023-05-09 01:21:43,10.5101,10.5201
3533,2023-05-09 01:21:51,10.5102,10.520199999999999
3534,2023-05-09 01:22:02,10.5102,10.520199999999999
3535,2023-05-09 01:22:05,10.5101,10.5201
3536,2023-05-09 01:22:11,10.5097,10.5197
3537,2023-05-09 01:22:15,10.5096,10.5196
3538,2023-05-09 01:22:16,10.5101,10.5201
3539,2023-05-09 01:22:20,10.5098,10.5198
3540,2023-05-09 01:22:24,10.5096,10.5196
3541,2023-05-09 01:22:27,10.5094,10.5194
3542,2023-05-09 01:22:29,10.50935,10.51935
3544,2023-05-09 01:22:58,10.5096,10.5196
3545,2023-05-09 01:23:01,10.5096,10.5196
3546,2023-05-09 01:23:03,10.5098,10.5198
3547,2023-05-09 01:23:06,10.5099,10.5199
3548,2023-05-09 01:23:09,10.5098,10.5198
3549,2023-05-09 01:23:16,10.5095,10.5195
3550,2023-05-09 01:23:17,10.5094,10.5194
3551,2023-05-09 01:23:19,10.5091,10.5191
3553,2023-05-09 01:23:21,10.509,10.519
3555,2023-05-09 01:23:49,10.5092,10.5192
3556,2023-05-09 01:23:57,10.5093,10.5193
3557,2023-05-09 01:24:00,10.50915,10.51915
3559,2023-05-09 01:24:07,10.50905,10.51905
3561,2023-05-09 01:24:10,10.50915,10.51915
3563,2023-05-09 01:24:34,10.5089,10.5189
3564,2023-05-09 01:24:37,10.5088,10.5188
3567,2023-05-09 01:24:41,10.5091,10.5191
3568,2023-05-09 01:24:46,10.50965,10.51965
3570,2023-05-09 01:24:49,10.5096,10.5196
3571,2023-05-09 01:25:00,10.5096,10.5196
3572,2023-05-09 01:25:01,10.5093,10.5193
3573,2023-05-09 01:25:08,10.5089,10.5189
3575,2023-05-09 01:25:09,10.5088,10.5188
3576,2023-05-09 01:25:15,10.5085,10.5185
3577,2023-05-09 01:25:16,10.50835,10.51835
3579,2023-05-09 01:25:19,10.5085,10.5185
3580,2023-05-09 01:25:20,10.5084,10.5184
3581,2023-05-09 01:25:21,10.5085,10.5185
3582,2023-05-09 01:25:32,10.5085,10.5185
3584,2023-05-09 01:25:33,10.5085,10.5185
3585,2023-05-09 01:25:38,10.5086,10.5186
3586,2023-05-09 01:25:50,10.5083,10.5183
3587,2023-05-09 01:25:53,10.5082,10.5182
3588,2023-05-09 01:25:54,10.5083,10.5183
3589,2023-05-09 01:25:58,10.5085,10.5185
3590,2023-05-09 01:26:01,10.50845,10.51845
3592,2023-05-09 01:26:16,10.5085,10.5185
3593,2023-05-09 01:26:17,10.5086,10.5186
3594,2023-05-09 01:26:18,10.5085,10.5185
3595,2023-05-09 01:26:21,10.5087,10.5187
3596,2023-05-09 01:26:22,10.509,10.519
3597,2023-05-09 01:26:32,10.5091,10.5191
3598,2023-05-09 01:26:39,10.5091,10.5191
3601,2023-05-09 01:26:51,10.5089,10.5189
3602,2023-05-09 01:27:01,10.5089,10.5189
3603,2023-05-09 01:27:25,10.5092,10.5192
3604,2023-05-09 01:27:28,10.5091,10.5191
3605,2023-05-09 01:27:33,10.5092,10.5192
3606,2023-05-09 01:27:44,10.5088,10.5188
3607,2023-05-09 01:27:47,10.509,10.519
3608,2023-05-09 01:27:48,10.5089,10.5189
3609,2023-05-09 01:28:03,10.5089,10.5189
3610,2023-05-09 01:28:13,10.5087,10.5187
3611,2023-05-09 01:28:17,10.5089,10.5189
3612,2023-05-09 01:28:27,10.50855,10.518550000000001
3614,2023-05-09 01:28:28,10.50835,10.51835
3616,2023-05-09 01:28:33,10.50845,10.51845
3618,2023-05-09 01:28:36,10.5085,10.5185
3619,2023-05-09 01:28:41,10.5086,10.5186
3620,2023-05-09 01:28:54,10.5086,10.5186
3622,2023-05-09 01:28:55,10.50865,10.518650000000001
3624,2023-05-09 01:28:58,10.5087,10.5187
3625,2023-05-09 01:29:00,10.5087,10.5187
3626,2023-05-09 01:29:09,10.5088,10.5188
3627,2023-05-09 01:29:14,10.5089,10.5189
3628,2023-05-09 01:29:23,10.5087,10.5187
3629,2023-05-09 01:29:26,10.50845,10.51845
3631,2023-05-09 01:29:28,10.5085,10.5185
3632,2023-05-09 01:29:47,10.5089,10.5189
3633,2023-05-09 01:29:54,10.5091,10.5191
3634,2023-05-09 01:29:55,10.5092,10.5192
3635,2023-05-09 01:29:57,10.5093,10.5193
3636,2023-05-09 01:30:01,10.5092,10.5192
3638,2023-05-09 01:30:04,10.509,10.519
3639,2023-05-09 01:30:08,10.50875,10.51875
3641,2023-05-09 01:30:11,10.5085,10.5185
3642,2023-05-09 01:30:15,10.50835,10.51835
3644,2023-05-09 01:30:16,10.50845,10.51845
3646,2023-05-09 01:30:17,10.50855,10.51855
3648,2023-05-09 01:30:20,10.5084,10.5184
3649,2023-05-09 01:30:22,10.5085,10.5185
3650,2023-05-09 01:30:47,10.5081,10.5181
3651,2023-05-09 01:30:48,10.5084,10.5184
3652,2023-05-09 01:30:56,10.5082,10.5182
3655,2023-05-09 01:31:00,10.5081,10.5181
3656,2023-05-09 01:31:06,10.5078,10.5178
3659,2023-05-09 01:31:11,10.5079,10.517900000000001
3660,2023-05-09 01:31:14,10.5078,10.5178
3661,2023-05-09 01:31:16,10.5079,10.517900000000001
3662,2023-05-09 01:31:19,10.508,10.518
3663,2023-05-09 01:31:20,10.5079,10.517900000000001
3664,2023-05-09 01:31:22,10.508,10.518
3665,2023-05-09 01:31:32,10.5081,10.5181
3666,2023-05-09 01:31:38,10.5083,10.5183
3667,2023-05-09 01:31:39,10.5082,10.5182
3668,2023-05-09 01:31:47,10.5081,10.5181
3669,2023-05-09 01:31:48,10.5082,10.5182
3670,2023-05-09 01:31:56,10.5084,10.5184
3671,2023-05-09 01:31:59,10.5081,10.5181
3672,2023-05-09 01:32:01,10.5081,10.5181
3673,2023-05-09 01:32:07,10.508,10.518
3674,2023-05-09 01:32:11,10.5081,10.5181
3675,2023-05-09 01:32:15,10.5082,10.5182
3676,2023-05-09 01:32:26,10.50855,10.51855
3678,2023-05-09 01:32:33,10.5088,10.5188
3679,2023-05-09 01:32:36,10.5087,10.5187
3680,2023-05-09 01:32:37,10.5086,10.5186
3681,2023-05-09 01:32:42,10.5087,10.5187
3682,2023-05-09 01:32:44,10.5089,10.5189
3683,2023-05-09 01:33:00,10.5089,10.5189
3684,2023-05-09 01:33:12,10.509,10.519
3685,2023-05-09 01:33:19,10.5089,10.5189
3686,2023-05-09 01:33:24,10.5091,10.5191
3688,2023-05-09 01:33:25,10.509,10.519
3689,2023-05-09 01:33:28,10.5092,10.5192
3690,2023-05-09 01:33:36,10.5093,10.5193
3691,2023-05-09 01:33:48,10.5094,10.5194
3692,2023-05-09 01:33:51,10.50935,10.51935
3694,2023-05-09 01:34:00,10.5094,10.5194
3695,2023-05-09 01:34:16,10.5092,10.5192
3696,2023-05-09 01:34:24,10.5093,10.5193
3697,2023-05-09 01:34:25,10.5091,10.5191
3698,2023-05-09 01:34:27,10.5092,10.5192
3699,2023-05-09 01:34:28,10.50915,10.51915
3701,2023-05-09 01:34:37,10.5095,10.5195
3702,2023-05-09 01:34:38,10.5094,10.5194
3703,2023-05-09 01:34:41,10.5098,10.5198
3706,2023-05-09 01:34:49,10.51,10.52
3709,2023-05-09 01:34:53,10.5098,10.5198
3712,2023-05-09 01:34:55,10.5098,10.5198
3713,2023-05-09 01:35:00,10.5096,10.5196
3714,2023-05-09 01:35:01,10.5099,10.5199
3716,2023-05-09 01:35:03,10.5101,10.5201
3717,2023-05-09 01:35:11,10.50995,10.51995
3719,2023-05-09 01:35:14,10.51,10.52
3720,2023-05-09 01:35:25,10.5099,10.5199
3723,2023-05-09 01:35:27,10.51,10.52
3724,2023-05-09 01:35:28,10.51005,10.52005
3726,2023-05-09 01:35:34,10.5095,10.5195
3728,2023-05-09 01:35:46,10.5096,10.5196
3731,2023-05-09 01:35:53,10.50965,10.51965
3733,2023-05-09 01:36:00,10.50955,10.51955
3735,2023-05-09 01:36:22,10.5098,10.5198
3736,2023-05-09 01:36:26,10.5099,10.5199
3737,2023-05-09 01:36:43,10.51025,10.52025
3739,2023-05-09 01:36:56,10.5102,10.520199999999999
3740,2023-05-09 01:37:01,10.5102,10.520199999999999
3741,2023-05-09 01:37:13,10.5105,10.5205
3742,2023-05-09 01:37:14,10.5105,10.5205
3744,2023-05-09 01:37:25,10.5104,10.5204
3745,2023-05-09 01:37:28,10.5105,10.5205
3746,2023-05-09 01:37:35,10.51055,10.52055
3748,2023-05-09 01:37:38,10.5106,10.5206
3749,2023-05-09 01:37:46,10.5105,10.5205
3750,2023-05-09 01:37:47,10.5101,10.5201
3753,2023-05-09 01:37:51,10.5099,10.5199
3754,2023-05-09 01:37:59,10.5097,10.5197
3755,2023-05-09 01:38:01,10.5098,10.5198
3756,2023-05-09 01:38:04,10.5097,10.5197
3757,2023-05-09 01:38:05,10.5098,10.5198
3758,2023-05-09 01:38:10,10.5097,10.5197
3759,2023-05-09 01:38:21,10.50975,10.51975
3761,2023-05-09 01:38:38,10.5101,10.5201
3762,2023-05-09 01:38:41,10.5102,10.520199999999999
3763,2023-05-09 01:38:49,10.51025,10.52025
3765,2023-05-09 01:38:57,10.51,10.52
3766,2023-05-09 01:38:59,10.5099,10.5199
3767,2023-05-09 01:39:00,10.5099,10.5199
3768,2023-05-09 01:39:02,10.5098,10.5198
3769,2023-05-09 01:39:10,10.51,10.52
3770,2023-05-09 01:39:12,10.5101,10.5201
3771,2023-05-09 01:39:15,10.5102,10.520199999999999
3772,2023-05-09 01:39:23,10.5103,10.5203
3775,2023-05-09 01:39:27,10.5104,10.5204
3776,2023-05-09 01:39:28,10.5106,10.5206
3777,2023-05-09 01:39:29,10.51075,10.52075
3779,2023-05-09 01:39:42,10.5108,10.5208
3780,2023-05-09 01:39:43,10.5113,10.5213
3781,2023-05-09 01:39:44,10.5112,10.5212
